2946 5002
154 344 217 446 {26
363 378 484 443 Miseni
501 379 608 465 Offiees
623 379 718 464 fenon
733 379 782 444 ree
798 381 935 464 Bonyor
948 380 1136 466 Poetiyieol.

152 555 293 622 sequeno
304 545 442 622 jejunare
462 553 578 604 tanturn
598 555 742 621 quaetione
762 547 872 620 divites,
887 547 959 622 quio
979 567 1038 604 reon
1058 557 1127 605 eunt
1143 548 1177 606 in
1189 566 1246 606 seeo
1254 559 1350 624 potee-

151 635 216 686 tate.
261 628 343 685 Tune
356 627 488 702 importet
500 625 638 686 sinendos
651 637 754 702 septeno
768 626 901 685 Pserimos
908 628 1126 703 poenitentiale&

214 708 310 783 Kyrie
323 708 447 784 eleyson.
490 706 607 765 Ohriste
619 707 743 784 eleyson.
787 707 883 785 Kyrie
897 709 1020 784 eleyson.

212 789 303 846 Peter
315 795 423 847 noster.
465 788 506 847 Et
519 808 557 846 ne
571 808 631 846 nos.

212 869 333 928 Salvum
346 869 392 926 feo
405 888 523 927 servum
536 876 631 929 tuum.

211 949 398 1022 Convertere,
413 949 549 1021 Domine,
563 969 656 1025 usque
669 969 735 1025 quo.

209 1030 300 1088 Mitte
314 1031 350 1103 ei,
367 1030 504 1100 Domine,
519 1031 665 1087 auxilium
678 1030 715 1087 de
728 1037 837 1088 saneto.

208 1111 347 1183 Domine,
361 1111 477 1169 exaudi.

208 1191 355 1250 Dominus
368 1192 526 1250 vobiscum.
569 1191 700 1250 Oremus

210 1272 318 1331 Oratio.

208 1353 336 1424 Exaudi,
350 1352 485 1425 Domine,
501 1372 599 1429 preces
612 1359 735 1425 nostras,
750 1362 776 1410 et
789 1361 879 1412 cetero
892 1354 943 1429 (ut
956 1373 1055 1429 supro,
1070 1354 1126 1410 vol.
1143 1353 1161 1410 i.
1176 1374 1204 1430 p.
1221 1354 1286 1432 45)

207 1432 279 1492 Alto
293 1433 402 1492 Oratio.

208 1513 375 1572 Praeveniet
387 1514 456 1572 huie
469 1513 587 1585 famulo,
602 1523 628 1571 et
641 1523 731 1572 cetero
743 1515 794 1592 (nt
807 1515 937 1591 mem).

208 1593 280 1652 Atta
295 1594 402 1653 Oratio.

206 1675 328 1746 Adesto,
344 1675 480 1748 Domine,
494 1680 520 1734 e't
533 1684 622 1734 cetero
635 1675 686 1752 (ot
699 1676 828 1753 itidem).

207 1754 278 1814 Alto
293 1756 401 1815 Oratio.

208 1837 334 1895 Domine
348 1837 430 1896 Deus
443 1842 551 1910 noster,
566 1838 619 1913 qui
631 1837 798 1910 offensione,
812 1847 839 1895 et
851 1847 941 1896 cetero
954 1837 1005 1914 (ot
1017 1837 1148 1914 ibidem).

206 1917 279 1975 Alta
294 1918 402 1977 Oratio.

206 1999 297 2070 Deus,
311 1999 394 2075 eujus
407 1998 591 2076 indulgentie
605 2018 691 2056 nemo
704 2018 764 2056 non
777 1999 899 2076 indiget,
911 2005 1066 2072 memento,
1082 1998 1218 2071 Domine,
1233 2000 1339 2058 famuli

144 2079 192 2136 tui
205 2079 245 2138 N.
261 2081 358 2156 etqui
377 2079 490 2137 lubrice
509 2085 683 2155 terrenaque
707 2099 825 2156 corpore
848 2079 1007 2158 fragilitate
1024 2081 1155 2138 nudatus
1176 2081 1211 2138 in
1233 2081 1343 2140 multis

143 2158 278 2238 deliquit,
292 2180 467 2237 quaesumus,
481 2166 516 2218 ut
530 2160 580 2217 des
593 2161 710 2217 veniam
723 2160 894 2233 eonfitenti3
913 2180 999 2237 poree
1012 2161 1146 2237 supplici,
1161 2168 1196 2218 ut
1209 2163 1262 2238 qui
1275 2164 1337 2221 suis

144 2241 260 2298 meritis
273 2248 435 2312 accusetur,
449 2247 503 2298 tua
516 2241 703 2299 miseratione
716 2240 854 2299 salvetur.
897 2242 962 2299 Per.

205 2320 277 2380 Alto
292 2321 399 2380 Oratio.

204 2401 397 2460 Absolvimus
409 2409 440 2460 te
454 2404 516 2459 vioe
536 2402 616 2459 besti
635 2402 720 2460 Petri
739 2403 937 2479 apostolorum
957 2402 1106 2479 principis,
1120 2404 1168 2461 oui
1189 2403 1341 2463 Dominus·

142 2482 256 2561 ligendi
278 2490 367 2560 atque
393 2483 525 2541 solvendi
550 2489 727 2558 potestatem
751 2483 841 2556 dedit,
867 2489 897 2542 et
921 2489 1066 2560 quantum
1089 2485 1127 2541 ad
1150 2491 1181 2542 te
1204 2486 1335 2561 pertinet

53 2596 55 2600 v
143 2564 289 2623 accusatio
303 2571 333 2622 et
353 2564 391 2622 ed
405 2583 459 2622 nos
478 2563 618 2635 remissio,
639 2565 679 2622 sit
699 2563 781 2621 Deus
801 2564 984 2640 omnipotens
1004 2564 1061 2621 tibi
1074 2565 1139 2622 vite
1158 2570 1189 2622 et
1207 2565 1286 2622 selus
1304 2573 1335 2624 et

143 2645 278 2703 omnibus
291 2646 418 2721 peccatis
430 2644 491 2702 tuis
504 2644 644 2709 indultor.
688 2645 748 2715 Qui
761 2645 844 2702 vivit.

203 2724 274 2783 Alte
289 2725 398 2785 Oratio.

203 2805 396 2882 Omnipotens
407 2806 497 2876 Deus,
508 2806 559 2882 qui
569 2805 657 2876 dixit,
666 2805 726 2875 Qui
735 2826 782 2863 me
793 2806 939 2864 confessus
947 2805 1037 2863 fuerit
1048 2825 1145 2864 eorum
1152 2805 1333 2881 hominibus,

141 2886 303 2945 confitebor
316 2893 346 2944 et
359 2906 411 2964 ego
425 2886 510 2944 illum
529 2905 628 2943 eoram
645 2885 735 2943 Patre
751 2906 834 2958 meo;
853 2887 915 2964 ipse
928 2892 958 2945 te
971 2886 1126 2945 benedicat
1142 2892 1173 2943 et
1185 2887 1336 2946 custodiat

142 2986 264 3044 semper,
280 2967 387 3043 detque
406 2966 463 3023 tibi
483 2967 682 3024 remissionem
701 2967 832 3024 omnium
853 2973 1038 3043 peecatorum
1057 2973 1177 3025 tuorum
1192 2972 1223 3025 et
1236 2966 1334 3027 vitam

143 3053 291 3106 eternam.
334 3049 440 3105 Amen.

157 3171 159 3176 -
202 3129 367 3188 Betwde'ote'o
381 3129 517 3186 einerueu.

203 3208 294 3283 Deus,
308 3210 360 3286 qui
379 3229 440 3267 non
459 3215 584 3268 mortem
604 3208 654 3267 sed
674 3209 884 3285 peonitentiam,
899 3219 924 3268 et
944 3220 1034 3268 oenoe
1053 3209 1105 3287 (et
1120 3228 1220 3284 sopra,
1234 3210 1291 3270 voi
1312 3212 1336 3269 i.

200 3370 274 3430 Alta
288 3371 397 3430 Oratio.

200 3452 291 3524 Deus,
310 3453 363 3529 qui
381 3452 549 3509 humilitate
569 3450 694 3510 flecteris
714 3456 744 3506 et
765 3448 963 3510 satisfactione
982 3451 1115 3528 placeris,
1130 3463 1156 3512 et
1175 3452 1297 3530 oense(
1327 3499 1332 3509 ,

138 3551 240 3608 supra,
255 3532 312 3590 vol.
328 3533 346 3590 i.
364 3553 391 3609 p.
409 3533 474 3608 46).
821 3554 825 3562 ·

199 3612 271 3671 Atia
285 3613 393 3672 Oratio.
1262 3664 1265 3668 .

195 3693 389 3770 Omnipotens
403 3692 579 3770 sempiterne
592 3692 683 3763 Deus,
694 3692 745 3768 qui
760 3691 907 3750 Ninivitis
920 3692 954 3750 in
966 3691 1064 3751 cinere
1075 3700 1106 3751 et
1120 3694 1214 3753 eilieio
1227 3695 1331 3771 penit

133 3774 252 3833 entibus
272 3773 463 3851 indulgentiae
483 3781 543 3831 tuae
563 3773 692 3830 remedio
712 3773 878 3848 prestitisti
888 3794 896 3845 ;
916 3773 1039 3832 concede
1057 3775 1210 3852 propitius,
1231 3781 1266 3833 ut
1286 3775 1329 3834 sie

133 3873 182 3914 eos
194 3855 346 3913 imitemur
361 3855 474 3925 habitu,
489 3859 634 3930 quatenus
647 3853 740 3910 venire
753 3872 964 3930 prosequamur
977 3855 1109 3913 obtentu.
1152 3856 1217 3915 Per.

194 3934 321 3994 Interim
328 3935 460 4012 poneredi
473 3944 542 3993 sunt
556 3934 662 3993 cineres
674 3953 761 4010 sopor
774 3934 880 4010 capito,
895 3934 1005 3994 dicente
1017 3935 1145 4012 episcpo
1154 3961 1164 3995 .-

195 4015 356 4089 Memento,
371 4016 466 4089 homo,
480 4016 551 4092 quio
564 4014 663 4092 pulvis
676 4034 715 4087 es,
730 4020 761 4072 et
773 4015 806 4072 in
819 4014 970 4092 pulverem
984 4017 1145 4075 reverteris

197 4097 281 4156 Peene
294 4106 425 4156 cantetur
438 4095 630 4172 Antiphone:

194 4177 519 4258 Immutemuruhsbitu,
533 4185 558 4236 et
571 4185 661 4236 cetero
673 4175 724 4253 (eet
737 4195 835 4252 nepte,
850 4176 907 4234 voi
922 4177 942 4235 i.
957 4196 983 4254 p.
1000 4177 1066 4255 46).

196 4258 343 4318 Psalmus.

194 4340 277 4399 Deus
290 4340 464 4399 miserentur
477 4339 578 4398 nostri

192 4420 322 4487 Ostende
335 4421 428 4493 nobis,
443 4419 580 4493 Domine,
595 4419 824 4478 misericordiam
838 4424 929 4479 tunm.

190 4498 286 4578 Kyrie
299 4501 423 4578 eleyson.
467 4500 583 4559 Ohriste
596 4500 722 4576 eleyson.
767 4498 864 4576 Kyrie
877 4500 1002 4578 eleyson.
