2946 5002
134 364 196 435 170
442 363 551 431 Missa
568 387 635 452 pro
656 365 786 431 Placia
802 365 1020 452 postulanda.
1086 333 1088 337 ⁵

193 531 339 590 Prolatae.

193 612 245 670 Ad
268 618 308 683 te,
323 613 460 686 Domine,
480 612 577 671 levavi
597 613 727 672 animam
747 632 861 672 meam:
887 613 969 671 Deus
990 633 1082 687 meus,
1100 613 1135 672 in
1158 620 1190 673 te
1212 612 1335 686 confido,

133 712 193 750 non
206 694 382 752 erubescam.

196 773 305 832 Oratio.

194 853 285 927 Deus,
300 874 457 931 regnorum
471 854 604 914 omnium
614 875 774 934 regumque
784 855 960 928 dominator,
974 855 1089 933 quinos
1102 862 1132 914 et
1142 854 1337 934 percutiendo

135 954 229 1007 sanas,
245 944 275 992 et
288 935 464 1013 ignoscendo
478 957 631 995 conservas
639 958 648 1009 ς
669 937 818 1014 praetende
832 936 917 994 nobis
930 936 1161 995 misericordiam
1175 943 1282 1009 tuam3
1302 941 1336 993 ut

135 1016 353 1154 trranquillitate
366 1019 447 1094 pacis
460 1025 513 1075 tua
525 1024 671 1096 potestate
683 1019 801 1075 firmata
814 1018 852 1075 ad
866 1017 995 1075 remedia
1004 1018 1195 1076 correctionis
1205 1023 1335 1076 utamur.

162 1116 202 1155 er.

195 1177 292 1236 Lectio
306 1177 375 1236 tica·
388 1177 498 1237 Hester.

196 1258 235 1316 In
245 1260 348 1316 diebus
356 1259 425 1330 illis,
435 1260 540 1318 Oravit
548 1259 660 1317 Hester
673 1259 710 1316 ad
724 1258 898 1332 Dominum,
909 1259 1026 1332 dicens;
1040 1259 1179 1333 Domine,
1190 1256 1336 1341 etanta·

134 1340 249 1414 require
258 1350 325 1416 poet
338 1340 525 1398 Dominc'cam
541 1339 775 1416 Quadrupesimae
789 1341 823 1397 ia
837 1339 926 1397 Faria
940 1350 1055 1416 quarta.

196 1501 347 1578 Propitius
360 1506 431 1574 esto,
443 1501 580 1572 Domine,
590 1501 717 1578 peccatis
727 1500 854 1560 nostris:
873 1501 1030 1578 nequando
1043 1502 1144 1560 dicant
1157 1507 1271 1578 gentes,
1286 1502 1337 1558 ubi

137 1587 182 1638 est
196 1582 278 1640 Deus
292 1601 401 1640 eorum.

141 1661 170 1720 V.
197 1663 319 1739 Adjuva
331 1683 393 1735 noe,
409 1665 491 1722 Deus
504 1662 642 1721 salutaris
655 1669 773 1721 noster:
795 1668 826 1720 et
839 1668 960 1739 propter
973 1661 1114 1721 honorem
1130 1662 1262 1722 nominis
1281 1664 1334 1734 tui,

137 1743 274 1817 Domine,
290 1743 384 1802 libera
396 1764 457 1803 nos.
1129 1788 1132 1795 .

196 1825 343 1901 Alleluya.
401 1826 430 1884 V.
466 1825 598 1884 Ostende
624 1825 718 1897 nobis,
747 1825 884 1896 Domine,
914 1824 1145 1882 misericordiam
1172 1829 1277 1884 tuam:
1308 1831 1338 1882 et

137 1905 266 1963 salutare
278 1912 366 1962 tuum
379 1907 417 1964 da
430 1907 524 1965 nobis.

198 1987 399 2062 Evanqeliam.
441 1989 551 2060 Amen,
567 1988 632 2044 dico
645 1987 738 2057 vobis,
749 1986 820 2062 quia
834 1986 1002 2064 quicunque
1015 1985 1136 2058 dixerit,
1151 1995 1185 2044 nt
1200 2006 1301 2063 capra.

200 2077 390 2152 offertorium.
433 2081 524 2154 Deus,
539 2086 574 2137 tn
588 2085 770 2141 convertens.

198 2170 318 2230 Secreta.

199 2244 321 2323 Adesto,
333 2273 509 2328 quaesumus,
525 2254 661 2324 Domine,
673 2253 818 2330 propitius
831 2253 941 2329 populo
953 2259 1025 2325 tu03
1044 2257 1075 2311 et
1088 2272 1177 2330 quem
1190 2253 1340 2328 mysteriis

139 2332 301 2390 caelestibus
315 2340 345 2391 et
359 2335 548 2392 sacramentis
562 2335 677 2405 imbuis,
690 2354 743 2410 per
757 2335 818 2392 haec
832 2353 954 2391 munera
964 2353 1029 2409 quae
1039 2335 1097 2391 tibi
1108 2335 1195 2392 offert
1205 2335 1338 2404 devotus,

138 2434 157 2470 a
170 2412 268 2471 furore
281 2421 454 2472 cunctorum
467 2414 598 2473 hostium
611 2422 664 2472 tua
677 2415 864 2472 miseratione
879 2416 1008 2473 defende.
1051 2414 1111 2471 Per
1124 2415 1299 2475 Dominum.

201 2494 382 2555 Oontmaac'c.
426 2496 544 2555 Inclina
557 2517 659 2555 aurem
672 2502 773 2554 tuam:
793 2495 929 2568 accelera,
944 2500 981 2553 ut
993 2515 1079 2554 eruas
1092 2515 1156 2554 nos.

198 2587 240 2645 Ia
254 2598 374 2664 tempore
387 2590 534 2663 Pascltcli,
549 2590 699 2666 Alleluya,
714 2589 848 2663 alleluya.

200 2679 441 2738 Postcomocum'a
586 2728 589 2734 .

203 2758 339 2836 Corporis
353 2767 383 2817 et
396 2761 547 2836 sanguinis
563 2761 686 2818 Domini
707 2763 801 2820 nostri
820 2762 842 2819 J
844 2782 896 2820 esu
917 2761 1029 2820 Christi
1048 2768 1232 2822 sacrosancta
1253 2763 1341 2822 refec-

143 2839 223 2896 tione
236 2841 375 2915 vegetati,
390 2841 534 2917 supplices
554 2847 584 2898 te
604 2862 748 2918 rogamus,
763 2843 948 2919 omnipotens
969 2843 1070 2901 Deus:
1090 2851 1126 2902 ut
1138 2844 1194 2902 hoc
1212 2845 1342 2902 remedio

142 2919 285 2995 singulari
298 2922 335 2977 ab
349 2922 431 2978 omni
444 2941 497 2978 nos
510 2928 695 2998 peccatorum
709 2924 882 3001 contagione
898 2924 1041 3000 purifices,
1056 2929 1087 2982 et
1106 2945 1122 2982 a
1144 2925 1343 3002 periculorum

143 3001 259 3058 munias
272 3002 438 3061 incursione
451 3010 632 3061 cunctorum.
675 3004 740 3061 Per.

473 3255 574 3314 Mrsss
595 3274 653 3315 rao
674 3257 794 3317 Pnnvm
815 3273 1020 3318 rosrnnarma

205 3416 344 3491 Officium.
389 3419 475 3477 Salus
489 3421 599 3498 populi.

207 3496 316 3557 Oratio.

203 3578 294 3652 Deus,
304 3581 338 3637 in
349 3600 407 3657 quo
417 3580 555 3654 vivimus,
571 3603 725 3641 movemur
738 3592 769 3642 et
782 3604 884 3641 sumus
889 3604 899 3656 3
916 3584 1049 3661 pluviam
1062 3585 1148 3643 nobis
1162 3587 1263 3645 tribue
1277 3608 1345 3646 con-

106 3694 108 3699 ,
141 3666 304 3735 gruentem,
320 3668 355 3718 ut
368 3663 561 3738 prasentibus
579 3665 717 3723 subsidiis
736 3665 913 3723 sufficienter
926 3667 1031 3742 adjuti,
1044 3667 1225 3746 sempiterna
1244 3669 1348 3728 fiduci-

143 3740 219 3797 alius
232 3748 412 3819 appetamus.
455 3742 520 3801 Per.

203 3831 300 3892 Lectio
314 3834 383 3893 libri
395 3834 508 3910 Rapum
521 3836 560 3912 (3
575 3837 636 3895 citt.
655 3838 702 3910 23,
719 3839 766 3910 35,
783 3838 847 3916 37)

203 3913 242 3970 In
266 3915 370 3974 diebus
396 3917 465 3988 illis,
492 3916 598 3976 Oravit
620 3918 758 3976 Salomon
782 3940 872 3994 ccsqac
894 3921 934 3977 ccl
955 3940 1030 3997 quas
1053 3920 1162 3979 dedisti
1184 3923 1297 4001 populo
1316 3925 1350 3980 in

142 3995 360 4068 possessionem,
376 3997 510 4056 Domine·
519 3998 601 4056 Deus
613 4006 721 4058 noster.

204 4075 338 4136 Gradale.
381 4077 532 4156 Propitius
547 4086 616 4138 esto.

204 4156 353 4234 Alleluya
402 4159 438 4237 V,
455 4160 584 4219 Ostende
597 4161 689 4219 nobis.

204 4237 372 4297 Secundum
384 4240 523 4300 Marcam
535 4241 614 4319 (citt.
632 4243 725 4320 1-10)

205 4318 244 4375 In
257 4319 309 4377 illo
323 4327 464 4398 tempore,
479 4323 567 4380 Dixit
581 4324 604 4383 J
605 4343 671 4381 esus
680 4323 833 4401 discipulis
844 4324 923 4396 suis3
938 4324 1084 4383 Misereor
1095 4328 1190 4385 turba
1205 4348 1298 4404 caque
1312 4329 1354 4387 ad

146 4397 174 4453 ei
187 4399 324 4476 discipuli
338 4402 401 4477 ejus
415 4422 483 4460 cum
497 4423 539 4462 eo.

208 4477 401 4552 Offirtoriam.
444 4483 600 4543 Sederunt.
