2946 5002
592 391 688 459 Festo
708 391 812 459 Joltt.

506 557 564 618 Oui
576 557 708 616 fructum
721 519 856 632 contulit,

545 639 587 696 Et
600 638 641 696 sio
654 638 768 697 luctum
781 639 905 698 abstulit

544 718 658 776 Divina
669 719 838 782 clementia·
864 746 871 779 z

505 798 686 858 Patriarchis
699 799 779 857 edita

542 881 636 938 Anna
648 880 712 938 luce
725 881 850 958 praedita

545 961 585 1018 In
598 960 721 1037 perenni
733 961 836 1038 gloria,

505 1040 713 1117 Deprecamur,
728 1041 848 1118 inclyta,

546 1121 594 1181 Ut
606 1140 660 1198 per
672 1127 725 1179 tua
738 1122 845 1180 merita

545 1201 641 1260 Nobis
655 1201 743 1259 detur
754 1203 859 1280 gratia

504 1283 605 1355 Anna,
620 1301 726 1358 parens
738 1283 805 1341 labe
817 1302 928 1358 carens,

545 1362 668 1420 Rubens
681 1383 748 1421 rosa
760 1364 897 1441 speciosa,

546 1443 668 1501 Florens
680 1443 760 1502 inter
772 1444 843 1503 lilia
894 1444 897 1449 ’

507 1523 636 1582 Matrem
650 1523 761 1582 Christi
773 1526 921 1602 genuisti:

543 1604 606 1662 Tus
619 1624 704 1681 prece
716 1625 771 1663 nos
780 1626 799 1664 a
811 1626 882 1665 nece

545 1684 666 1743 Tuearis
679 1686 777 1744 noxia.

505 1765 581 1824 Eece
593 1766 667 1823 lucis
679 1766 805 1839 officina,

545 1845 647 1922 AEgn'e
661 1865 727 1923 spes
740 1852 772 1904 et
784 1846 938 1920 medicina,

545 1926 609 1983 Tua
621 1927 718 2003 proles
731 1932 776 1984 est
789 1928 899 2004 regina,

586 2007 625 2063 In
639 2007 748 2065 caelesti
760 2009 863 2084 patria

507 2087 578 2164 Ipsa
591 2088 705 2146 cunctis
714 2089 778 2163 jam
791 2089 914 2165 praelata

544 2168 604 2226 Per
617 2174 647 2226 te
661 2188 779 2226 sumens
791 2169 854 2228 haee
867 2173 994 2247 precata,

495 2299 499 2306 .
547 2248 660 2306 Nostra
673 2249 726 2307 fiat
739 2249 882 2308 advocata

585 2329 624 2386 In
638 2329 697 2388 Dei
710 2331 875 2408 praesentia

163 2433 365 2509 Evangeliwm.
408 2432 510 2491 Simile
524 2438 569 2491 θεὴ
581 2453 704 2512 regnum
718 2435 856 2494 caelorum
869 2435 1007 2494 thesauro
1020 2433 1197 2493 abscondito.

166 2514 360 2590 offertorium.
403 2514 520 2572 Diffusa
534 2520 579 2573 est
592 2516 696 2592 gratia.

162 2595 284 2656 Secreta

164 2676 260 2755 Super
272 2676 333 2748 has,
349 2694 522 2751 quaesumus,
536 2675 673 2748 Domine,
688 2675 859 2750 oblationes,
872 2696 939 2753 quae
952 2676 985 2734 in
998 2676 1170 2734 memoriam
1183 2675 1302 2735 sanctis-

104 2757 186 2816 simae
200 2759 299 2814 Annae
312 2756 416 2813 matris
435 2756 610 2814 beatissima
624 2757 749 2834 virginis
772 2757 923 2834 genitricis
945 2757 1092 2834 unigeniti
1111 2758 1158 2815 tui
1178 2757 1301 2815 Domini

102 2837 200 2897 nostri
219 2843 435 2908 consecrantur,
451 2842 482 2895 et
504 2842 588 2894 tuam
612 2839 729 2896 effunde
748 2838 992 2913 benedictionem,
1013 2844 1044 2896 et
1060 2858 1114 2915 per
1135 2858 1183 2896 eae
1203 2839 1301 2898 tribue

102 2919 190 2978 nobis
210 2917 341 2993 cordium
364 2917 597 2995 purificationem
620 2924 650 2977 et
674 2938 832 2977 munerum
855 2919 1015 2978 caelestium
1036 2919 1298 2997 participationem.

104 2999 165 3058 Per
177 2999 310 3057 eundem.
927 3051 928 3054 ,

164 3078 346 3148 Gonunuaio.
389 3078 492 3136 Simile
506 3085 551 3136 est
565 3099 689 3156 regnum
703 3082 841 3138 caelorum
854 3080 1000 3139 thesauro.

164 3159 405 3219 Poetcommunm.

164 3240 291 3318 Sumpta
320 3247 510 3312 sacramenta,
539 3260 714 3317 quaesumus,
741 3241 878 3312 Domine,
903 3241 1103 3300 intercedente
1129 3240 1299 3300 beatissima

102 3322 197 3379 Anna
223 3327 317 3380 matre
344 3321 474 3398 gloriosae
494 3323 645 3397 genitricis
673 3322 832 3399 Unigeniti
860 3322 931 3380 Filii
956 3323 1011 3395 tui,
1035 3342 1090 3380 nos
1113 3323 1151 3379 ab
1170 3323 1300 3380 hostium

103 3403 265 3462 defendant
278 3402 436 3460 formidine
450 3408 481 3459 et
493 3409 611 3460 aeternae
625 3403 729 3460 mortis
742 3403 948 3461 amaritudine.
992 3403 1051 3461 Per
1063 3403 1196 3461 eundem.

192 3580 320 3640 Sancum
340 3579 493 3654 Mannum,
514 3596 651 3638 maenus
672 3597 734 3639 uon
755 3596 915 3641 nomme.
960 3580 1010 3659 (vi.
1027 3580 1097 3640 Kal.
1113 3579 1207 3658 Aug.)

164 3695 306 3773 Officium.
347 3697 477 3755 Vultum
490 3703 585 3757 tuum

164 3778 273 3837 Oratae.
317 3777 511 3854 Omnipotens
524 3779 702 3856 sempiterne
715 3778 805 3837 Deus.
908 3791 912 3798 ·

163 3858 310 3918 Memmia
322 3858 357 3918 dc
370 3859 563 3934 Martyrium.

163 3939 305 4016 Epistola
348 3939 408 4010 Qui
421 3939 572 4016 gloriatur.

165 4019 299 4079 Gruduk.
338 4019 516 4095 Adjuvabit

162 4098 312 4176 Alleluya
361 4100 553 4165 KAEmulor.

161 4180 324 4257 Sequentia.
366 4180 497 4258 Virginis
512 4179 693 4254 venerandae,
708 4189 742 4238 ut
755 4180 790 4237 ia
805 4176 970 4238 Communi.

160 4261 362 4338 Ecos'apelc'can.
395 4261 528 4319 Intravit
537 4260 827 4338 Jeeusinquoddam
837 4258 997 4333 castellum,
1009 4257 1295 4338 quoeredotiesumpa

101 4342 180 4403 tione
193 4343 280 4417 boote
292 4341 407 4402 Murcia
616 4392 618 4397 .

164 4423 372 4498 Offertoc‘dmn...
400 4422 578 4496 Offerentur,
593 4422 701 4481 mium.

164 4502 344 4565 Communia
386 4503 505 4565 Diffusa
516 4509 562 4563 est
574 4503 678 4583 gratia
