2946 5002
584 347 680 415 Festo
701 348 883 415 Joooottt.

337 588 449 647 Sinon
471 587 651 660 Vrucnrrn,
674 603 833 646 nnnrrms.
882 587 933 665 (xi.
952 585 1021 645 Kal.
1038 587 1124 659 Feb.)

196 734 337 808 Officium.
379 735 546 792 Laetabitur
555 735 663 811 justus.

196 827 306 887 Oratio.

195 909 318 981 Adesto,
344 928 520 985 quaesumus,
546 909 683 982 Domine,
706 907 969 985 supplicationibus
996 909 1116 979 nostris,
1145 914 1181 966 ut
1216 907 1269 988 qui
1294 925 1328 965 ex

133 988 292 1065 iniquitate
305 997 407 1047 nostra
420 1010 484 1047 reos
497 1009 551 1047 nos
565 1010 626 1048 esse
640 991 849 1066 cognoscimus,
864 990 945 1047 beati
962 990 1119 1047 Vincentii
1131 989 1273 1068 martyris
1286 989 1330 1046 tui

133 1069 341 1128 intercessione
355 1071 520 1128 liberemur.
563 1071 622 1128 Per
635 1071 805 1128 Dominum.

195 1164 339 1221 Memorio
354 1165 388 1220 dc
398 1164 537 1234 Destino,
553 1172 577 1221 et
592 1163 626 1221 dc
639 1173 741 1221 sancto
753 1162 869 1238 Ayaete.

194 1257 311 1334 Epistol
330 1300 336 1314 .
380 1258 490 1314 Beatus
504 1257 552 1313 vir
565 1258 617 1333 qui
630 1257 662 1314 in
676 1256 827 1334 sapientia

197 1349 332 1408 Grodole.
375 1350 513 1407 Posuisti.

195 1431 345 1507 Alleluya.
395 1431 423 1489 V.
447 1432 559 1488 Beatus
572 1430 627 1488 vir.

196 1525 359 1600 Sequentia.

339 1605 457 1662 Christo
472 1625 610 1663 canamus
624 1605 683 1661 diei
696 1605 784 1678 hujus
796 1604 951 1680 pangendo
965 1604 1079 1680 gaudia,

338 1687 483 1761 Martyris
497 1687 568 1744 almi
581 1686 701 1743 colendo
715 1685 870 1742 Vincentii
884 1687 1034 1761 praeconia.

338 1768 431 1825 Ortus
445 1769 481 1824 ab
496 1767 644 1843 Hispania
657 1767 823 1823 nobilitatis
837 1767 998 1842 conspicuae
1013 1767 1099 1839 linea,

337 1848 452 1907 Olaruit
466 1849 597 1920 scientia,
612 1848 718 1905 claruit
732 1854 762 1904 et
775 1847 895 1904 facundi
908 1849 967 1904 oris
980 1848 1090 1924 gratia.v

338 1930 434 1999 Qtram
447 1929 589 1986 immania
603 1929 674 1986 tulit
689 1930 759 1985 vitae
773 1928 943 1984 discrimina

338 2012 433 2069 Sacrae
447 2011 516 2068 fidei
530 2010 675 2067 edocendo
690 2011 830 2084 mysteria
844 2010 849 2066 l

337 2092 500 2149 Rimantur
512 2091 630 2166 ungulae
645 2097 791 2147 costarum
805 2094 868 2169 ejus
881 2090 988 2147 intima
1000 2109 1008 2161 ;
1039 2154 1040 2158 Ἰ

337 2172 518 2247 Discerpunt
531 2174 651 2243 viscera,
667 2173 866 2230 membrorum
880 2171 1000 2228 solvunt
1013 2170 1139 2227 vincula.

339 2252 434 2311 Scissa
448 2253 532 2321 cutia,
547 2253 629 2309 fusus
644 2253 771 2326 sanguis,
787 2273 818 2311 os
832 2255 944 2324 elisum,
959 2272 1026 2309 caro
1040 2253 1135 2308 omnis
1148 2251 1251 2323 lacera,

338 2333 405 2390 Stat
418 2333 487 2389 fidei
501 2333 694 2408 perhortatur,
710 2335 887 2392 convalescit
899 2333 1004 2390 fortior
1017 2333 1054 2389 ad
1068 2333 1192 2409 singula.

339 2412 536 2471 Oonfutatur'*
550 2414 675 2470 Deciani
686 2415 796 2489 judicis
810 2414 932 2491 perfidia
948 2435 953 2472 :

339 2496 546 2552 Debacchatur
560 2495 696 2552 efferatus
707 2496 830 2553 immani
844 2491 958 2554 saevitia
972 2516 978 2552 τ
1051 2514 1053 2517 ·

337 2576 471 2652 Raptum
482 2577 568 2651 jubet
581 2583 742 2652 martyrem
756 2598 827 2634 mox
840 2578 980 2653 applicari
994 2577 1031 2633 ad
1045 2574 1200 2634 incendia:

338 2657 510 2732 Crepitante
524 2657 583 2714 sale
597 2665 828 2734 consperguntur
841 2659 945 2734 prunis
958 2664 1026 2714 usta
1039 2658 1158 2714 viscera.

339 2738 396 2795 Ille
410 2739 459 2814 pia
472 2739 510 2794 ad
523 2738 622 2795 Deum
635 2738 736 2795 levans
750 2739 872 2810 lumina,

339 2818 457 2876 Perstat
470 2819 503 2875 in
516 2821 680 2891 tormentis,
696 2820 781 2876 firma
794 2820 961 2892 constantia
972 2839 980 2891 3

339 2899 522 2975 Reportatur
536 2900 631 2957 denuo
639 2908 755 2976 martyr
768 2902 805 2958 ad
819 2902 963 2959 lectorum
977 2898 1099 2958 mollia:

338 2981 397 3037 Sed
410 3000 481 3036 mox
494 2982 623 3038 resoluta
637 2982 722 3038 coelos
735 2982 815 3039 illius
829 2983 905 3058 petit
919 2981 1024 3038 amina.

339 3061 418 3118 Laus
432 3061 489 3118 tibi
502 3062 541 3118 sit
555 3062 637 3119 Deus
651 3068 816 3139 martyrum
829 3070 949 3120 tuorum
963 3060 1096 3133 victoria,

338 3142 431 3218 Cujus
445 3162 498 3218 ope
512 3149 597 3200 tanta
610 3143 763 3200 evicerunt
776 3151 806 3200 et
819 3151 865 3201 tot
879 3142 1048 3200 luctamina,

338 3223 415 3294 Ave,
432 3230 545 3298 martyr
558 3225 692 3300 gloriose,
708 3226 793 3282 nobis
807 3225 871 3282 caeli
886 3223 993 3299 gaudia

339 3304 537 3380 Supplicando
550 3307 683 3382 impetra.

204 3412 252 3471 Vel
266 3413 398 3485 Tractus,
415 3414 610 3484 Desiderium,
626 3415 652 3472 si
665 3413 749 3490 infra
762 3415 1011 3491 Septuoycsimom
1025 3410 1154 3471 evenerit.

198 3507 398 3580 Evooyeltom.
442 3507 512 3563 Nisi
524 3528 648 3583 granum
662 3508 812 3567 frumenti.

200 3599 392 3674 Offirtort'om.
435 3599 538 3657 Gloria
552 3607 582 3658 et
596 3601 714 3660 honore.

198 3694 319 3752 Secreto.

122 3802 130 3810 υ
199 3776 377 3832 Muneribus
404 3775 522 3845 nostris,
545 3778 721 3851 quaesumus,
748 3775 885 3846 Domine,
910 3775 1102 3852 precibusque
1131 3769 1282 3848 susceptis,
1307 3776 1337 3828 et

125 3856 302 3915 caelestibus
315 3876 368 3913 nos
382 3857 493 3912 munda
506 3857 663 3931 mysteriis,
678 3863 709 3914 et
721 3856 1017 3934 intercedenteabeato
1030 3853 1193 3911 Vincentio
1207 3860 1337 3930 martyre

138 3942 191 3995 tuo
205 3939 365 3995 clementer
378 3937 494 3994 exaudi.
536 3937 595 3994 Per
609 3937 771 3995 Dominum
785 3943 928 3994 nostrum.

200 4030 381 4090 Communia
426 4030 485 4099 Qui
499 4029 565 4086 vult
582 4032 681 4087 venire
696 4032 762 4107 post
782 4049 837 4087 me.

200 4123 442 4182 Postcommaatt'o.

201 4204 383 4276 Quaesumus,
399 4204 585 4280 omnipotens
606 4204 697 4276 Deus,
712 4204 813 4280 utqui
836 4204 963 4261 caelestia
986 4203 1128 4260 alimenta
1145 4198 1339 4278 percepimus,

138 4285 339 4345 intercedente
353 4288 439 4343 beato
453 4286 615 4342 Vincentio
629 4291 759 4362 martyre
772 4292 834 4355 tuo,
846 4304 898 4360 per
911 4285 973 4342 haec
987 4290 1090 4342 contra
1103 4283 1203 4339 omnia
1216 4281 1339 4340 adversa

139 4367 316 4426 muniamur.
360 4368 418 4425 Per
432 4367 603 4424 Dominum.
1077 4395 1079 4399 ·

589 4496 602 4521 ⁵
618 4492 880 4542 Edd—(loniunditur.
