2946 5002
135 374 197 434 188
503 365 676 433 Orationes
697 387 759 452 pro
781 364 963 452 Defunctia

452 576 517 633 Pao
538 591 803 633 nnunraoronmus
824 575 1010 632 Drrurcrrs.

197 657 305 716 Oratio.
1104 710 1105 714 ,

195 738 344 810 Miserere,
359 757 534 814 quaesumus,
550 736 686 807 Domine,
701 736 855 794 animabus
875 735 1007 793 omnium
1027 734 1250 793 benefactorum
1271 754 1336 792 nos-

133 826 249 876 trorum
262 819 467 876 defunctorum
476 838 485 890 3
505 828 536 875 et
556 818 593 875 de
612 816 760 874 beneficiis
780 836 845 893 quae
865 817 950 874 nobis
970 815 1071 893 largiti
1091 822 1162 874 sunt
1182 816 1216 872 in
1236 817 1333 888 terris,

134 900 255 977 praemia
268 906 378 957 aeterna
390 906 608 976 consequantur
620 899 653 954 in
667 897 752 955 caelia
795 897 854 954 Per
867 896 1038 955 Dominum.

195 992 315 1051 Secreto.
644 1039 646 1043 ,

196 1073 324 1149 Suscipe,
341 1072 478 1143 Domine,
493 1072 556 1129 hoec
568 1090 700 1142 munera,
716 1090 781 1148 quae
795 1090 848 1148 pro
861 1071 1015 1127 animabus
1025 1069 1158 1127 omnium
1172 1069 1334 1128 benefacto

135 1173 203 1210 rum
226 1163 395 1211 nostrorum
422 1152 667 1228 requiescentium
692 1150 888 1223 immolamus,
909 1157 940 1208 et
967 1170 1021 1228 pro
1048 1150 1197 1208 beneficiis
1222 1169 1331 1222 eorum,

136 1234 244 1311 qulbus
271 1240 480 1305 sustentamus,
509 1234 547 1290 da
574 1233 616 1289 eis
643 1232 870 1290 retributionem
897 1233 931 1289 in
954 1251 1044 1308 regno
1071 1230 1218 1289 caelorum.
1277 1231 1334 1288 Per

136 1315 307 1373 Dominum.

196 1411 438 1469 Postcommuaio.

198 1493 323 1567 Sumpta
343 1497 533 1562 sacramenta,
552 1490 689 1561 Domine,
708 1509 762 1547 nos
781 1511 800 1547 a
816 1489 943 1548 vinculis
962 1490 1117 1548 absolvant
1138 1495 1333 1566 peccatorum,

136 1578 167 1631 et
190 1573 345 1630 animabus
368 1572 744 1629 omnium‘benefactorum
767 1578 936 1628 nostrorum
959 1570 1166 1629 defunctorum
1189 1570 1335 1628 consortia

137 1653 292 1711 obtineant
306 1653 464 1730 spirituum
478 1653 639 1711 beatorum.
684 1652 742 1709 Per
756 1651 920 1709 Dominum
933 1657 1076 1711 nostrum.

434 1868 500 1925 Pno
521 1883 655 1925 ouumus
676 1883 835 1925 minuimus
857 1866 1042 1924 Dnruuerrs

201 1947 311 2007 Oratio.

199 2029 356 2101 Fidelium,
370 2030 459 2101 Deus,
473 2029 605 2086 omnium
616 2029 752 2085 conditor
764 2035 795 2085 et
807 2028 983 2104 redemptor,
995 2028 1149 2085 animabus
1159 2026 1337 2085 famulorum

139 2105 375 2186 famularumque
395 2115 514 2166 tuarum
535 2110 736 2166 remissionem
757 2117 931 2166 cunctorum
952 2109 1051 2166 tribue
1070 2116 1259 2185 peccatorum
1269 2128 1278 2180 3
1304 2113 1338 2164 ut

139 2190 354 2267 indulgentiam
369 2209 457 2266 quam
478 2209 593 2266 semper
606 2195 793 2266 optaverunt,
807 2189 864 2265 piis
885 2189 1149 2266 supplicationibus
1162 2208 1338 2267 consequan-

140 2278 198 2329 tur.
243 2271 393 2340 Quiritis
407 2277 438 2328 et
451 2290 562 2347 regnas.

200 2364 321 2422 Secreto.

201 2445 334 2517 Hostias,
360 2463 535 2520 quaesumus,
562 2443 699 2516 Domine,
722 2462 794 2519 quas
818 2442 875 2500 tibi
902 2462 955 2519 pro
979 2444 1133 2501 animabus
1160 2442 1339 2500 famulorum

140 2526 376 2602 famularumque
397 2531 517 2582 tuarum
538 2525 695 2596 offerimus
717 2524 896 2600 propitiatus
915 2525 1057 2596 intende;
1083 2530 1119 2581 ut
1142 2525 1252 2601 quibus
1273 2524 1341 2582 fidei

142 2607 317 2664 Christianae
330 2607 471 2664 meritum
484 2606 646 2677 contulisti,
661 2606 751 2663 dones
764 2611 795 2662 et
808 2605 970 2681 praemium.
1014 2606 1073 2663 Per
1093 2605 1259 2662 Dominum
1278 2623 1341 2662 nos

142 2694 231 2745 trum.

203 2780 444 2837 Postcommuniu

203 2861 379 2930 Animabus,
403 2878 579 2935 quaesumus
602 2859 739 2930 Domine,
761 2860 939 2917 famulorum
961 2859 1197 2936 famularumque
1222 2866 1342 2918 tuarum

144 2941 239 2998 oratio
259 2940 393 3016 proficiat
412 2939 643 3016 supplicantium
652 2959 661 3011 3
685 2946 720 2996 ut
739 2960 788 2998 eas
805 2946 836 2998 et
853 2961 871 2998 a
887 2942 1015 3017 peccatis
1035 2942 1172 2998 omnibus
1193 2960 1294 3014 exuas,
1313 2946 1343 2998 et

144 3028 203 3078 tuae
217 3021 427 3097 redemptionis
440 3021 530 3078 facias
544 3039 604 3078 esse
618 3021 782 3098 participes.
826 3021 886 3090 Qui
898 3021 977 3078 vivis
990 3028 1020 3080 et
1033 3041 1145 3099 regnas.

468 3251 534 3309 Pao
554 3267 710 3309 aurnauus
731 3268 840 3320 quinus
860 3268 1030 3310 rmnurus.

208 3331 317 3389 Oratio.

207 3412 349 3484 Concede,
371 3431 546 3487 quaesumus,
570 3412 697 3484 Domine
718 3414 800 3470 Deus
820 3420 928 3486 noster,
948 3420 984 3470 ut
1003 3413 1109 3470 animae
1130 3432 1257 3490 quorum
1277 3435 1345 3492 qua-

146 3512 270 3570 rumque
291 3494 596 3550 commemorationem
617 3494 737 3569 speciali
753 3494 909 3552 devotione
922 3494 1044 3571 agimus,
1060 3501 1090 3552 et
1108 3513 1162 3570 pro
1176 3496 1284 3570 quibus
1298 3516 1346 3554 ex-

147 3593 229 3631 orare
237 3573 315 3650 jussi
330 3579 359 3631 et
373 3574 517 3630 debitores
531 3594 640 3645 sumus,
652 3580 741 3651 atque
751 3574 883 3631 omnium
897 3575 1179 3650 consanguineorum
1193 3595 1227 3632 ac
1241 3576 1347 3634 famili-

146 3655 242 3711 arium
262 3661 431 3711 nostrorum
451 3660 681 3729 cunctorumque
701 3654 833 3712 fidelium
850 3656 883 3711 in
903 3655 1016 3713 sinibus
1036 3662 1205 3713 sanctorum
1224 3663 1347 3714 tuorum

148 3736 339 3811 requiescant,
355 3754 483 3810 moxque
497 3755 534 3792 ex
549 3735 675 3791 mortuis
688 3735 854 3792 resuscitati
867 3735 924 3792 tibi
940 3736 1076 3812 placeant
1089 3737 1121 3792 in
1135 3737 1254 3813 regiona
1267 3738 1348 3795 vivo

148 3836 222 3873 rum.
265 3816 324 3874 Per
337 3814 507 3873 Dominum.

208 3908 328 3966 Secreto.

208 3989 284 4046 Haec
302 4009 433 4059 munera,
448 4008 625 4065 quaesumus,
640 3988 777 4060 Domine,
792 4008 857 4065 quae
878 3990 970 4048 oculis
990 3997 1050 4048 tuae
1070 3991 1234 4066 majestatis
1255 3991 1348 4049 offeri·

149 4089 223 4142 mus,
246 4070 399 4127 animabus
419 4069 598 4127 flaurulorum
617 4069 853 4146 famularumque
873 4076 1001 4142 tuarum,
1017 4091 1144 4147 quorum
1164 4091 1349 4148 quarumque

148 4151 453 4208 commemorationem
466 4150 585 4227 speciali
599 4150 754 4206 devotione
768 4153 891 4228 agimus,
902 4157 932 4208 et
945 4171 999 4228 pro
1012 4153 1121 4227 quibus
1134 4173 1217 4210 orare
1227 4154 1306 4229 jussi
1318 4158 1348 4210 et

149 4232 296 4288 debitores
310 4251 420 4301 sumus,
435 4238 525 4307 atque
540 4232 672 4288 omnium
688 4232 971 4308 consanguineorum
984 4252 1018 4290 ac
1031 4232 1223 4291 familiarium
1237 4242 1349 4292 nostro·

150 4332 217 4368 rum
230 4318 460 4388 cunctorumque
474 4312 605 4370 fidelium
620 4312 761 4369 salutaria
774 4332 835 4370 esse
849 4313 992 4385 concede;
1012 4318 1047 4370 ut
1060 4319 1114 4371 tua
1126 4315 1237 4390 pietate
1250 4315 1350 4372 rincu-

150 4392 187 4528 ii's
200 4392 352 4529 hpprendae
363 4394 467 4451 mortis
478 4398 585 4467 exutae,
597 4399 714 4450 aeternae
728 4393 921 4451 beatitudinis
933 4400 1104 4452 mereantur
1113 4414 1174 4453 esse
1183 4396 1348 4473 participes

177 4493 209 4529 er
254 4492 393 4530 ominum.
