2946 5002
139 363 204 426 344
319 361 500 446 Fropment
514 362 555 449 of
570 385 593 426 a
607 361 729 427 Missai
743 362 783 447 of
799 363 849 427 tie
872 363 930 428 Use
944 362 984 449 os
999 363 1153 430 Limoln.

198 528 239 585 Et
251 528 400 586 seiendmn
409 538 450 587 est
462 531 540 604 qnod
553 529 587 586 in
600 530 732 587 omnibns
745 529 839 587 Festis
848 550 948 588 novem
961 531 1130 588 Lectionum
1143 540 1170 589 et
1182 530 1218 589 in
1230 531 1338 606 quibus

137 608 240 668 morin
252 609 314 684 repi
326 609 412 679 (tebet,
424 609 498 667 sient
513 618 581 685 post
594 609 716 681 Paccio,
729 612 887 668 secundnm
900 631 988 669 nsnm
997 611 1123 669 [simoin
1132 610 1338 670 contaridebet

137 687 294 765 Seqmntin
316 689 378 748 nisi
399 710 420 747 n
438 689 656 766 Septnapesinm
678 711 768 765 usqne
792 693 832 748 od
856 691 979 749 Posolm.
1024 692 1134 750 Tamen
1156 691 1242 770 infra
1254 692 1338 751 istud

136 770 369 847 sompniantium
381 769 661 829 intinnnntiatione
676 770 761 828 beotoe
774 771 883 828 Morioe
896 773 1027 847 niminis,
1037 782 1063 831 et
1076 773 1110 830 in
1122 773 1337 848 an'Jtcations

136 850 264 924 oimciem
284 851 470 923 comitatensi
487 851 571 927 infra
584 850 831 927 Septnapesimom
844 853 993 911 evenerint,
1028 858 1031 864 “

198 955 392 1031 Eomsqelinm
405 957 564 1014 secundnm
576 956 616 1013 M
613 957 750 1014 eitimam
764 958 840 1034 (nni.
859 957 906 1015 1-9
909 959 935 1033 ).

199 1037 239 1094 In
252 1037 305 1095 illo
317 1044 458 1114 tempore,
480 1037 556 1094 Ourn
569 1037 833 1114 appropinquasset
846 1038 868 1096 J
869 1057 934 1095 esus
951 1038 1166 1114 Hierosolymis
1183 1058 1274 1114 nsque
1295 1037 1337 1098 at

131 1117 325 1190 Benedictus,
341 1118 393 1193 qui
405 1118 490 1175 venit
503 1119 535 1174 in
549 1119 669 1176 nomine
682 1118 811 1176 Domini.

200 1198 393 1273 offertorium.

197 1279 249 1336 Ad
271 1284 301 1336 te
324 1278 460 1350 Domine,
483 1279 581 1336 levavi
603 1278 731 1337 animam
753 1298 868 1336 meam:
898 1279 980 1337 Deus
997 1299 1088 1352 meus,
1108 1281 1141 1336 in
1158 1286 1190 1338 te
1207 1280 1333 1353 confido,

137 1378 199 1418 non
216 1360 403 1417 erubescam:
424 1378 520 1436 neque
536 1358 680 1416 irrideant
696 1379 743 1418 me
758 1360 873 1417 inimici
887 1361 953 1432 mei,
968 1362 1075 1419 etenim
1091 1361 1222 1419 universi
1235 1361 1289 1437 qui
1302 1367 1334 1420 tn
1436 1411 1439 1416 .

136 1446 295 1518 expectent
309 1459 370 1497 non
383 1439 607 1498 confundentur.

198 1520 374 1660 {emm
390 1620 451 1673 nos,
472 1602 609 1673 Domine,
628 1602 744 1678 potenti
761 1602 874 1660 virtute
890 1603 1054 1674 mundatos,
1071 1602 1109 1661 nd
1122 1622 1208 1660 suum
1222 1603 1334 1662 fociant

137 1682 270 1759 puriores
283 1683 384 1740 venire
397 1681 585 1758 principium,
606 1682 768 1758 Dominum
782 1689 917 1740 nostrum
930 1684 952 1741 J
953 1703 1034 1741 esum
1048 1683 1209 1742 Christum.

199 1762 381 1823 Oonnnnnio.

197 1843 344 1903 Dominus
357 1843 440 1901 debit
454 1842 668 1920 benignitatem
682 1865 688 1901 :
709 1849 739 1900 et
753 1850 833 1901 terre
846 1849 948 1902 nostra
961 1844 1044 1902 dabit
1056 1844 1187 1902 fructum
1201 1863 1296 1902 suum.

196 1924 437 1984 Posteommnnio.

195 2003 402 2083 suscipiemus,
426 2004 564 2078 Domine,
587 2004 815 2063 misericordiam
834 2010 917 2062 tuam
935 2005 969 2062 in
986 2004 1082 2063 medio
1095 2004 1200 2082 templi
1212 2005 1280 2064 tui:
1301 2011 1333 2064 et

135 2087 329 2163 reparationis
348 2090 457 2143 nostroe
477 2092 604 2142 ventura
624 2085 777 2143 sollemnis.
798 2086 933 2162 congruis
949 2086 1109 2144 honoribus
1124 2086 1331 2162 precedamus

136 2165 194 2225 Per
208 2166 379 2226 Dominum.

194 2326 283 2386 Ferio
296 2327 432 2399 secando,
447 2327 541 2400 tertia,
556 2335 582 2386 et
596 2327 701 2401 qninto
714 2327 833 2402 qnmdo
846 2326 970 2402 daferio
983 2335 1138 2386 enitatur:

194 2409 327 2486 Epistola
340 2407 535 2467 Dominicoiis
548 2408 661 2482 lepotnr
701 2429 717 2463 s
781 2429 797 2463 s
861 2431 878 2464 e

193 2487 323 2548 Initium
336 2489 432 2548 sancti
444 2489 598 2564 Eoonqeiii
610 2488 768 2547 senensium
778 2487 923 2547 Marcam.
967 2489 1150 2565 Principium
1165 2489 1331 2568 Evangelii,
1397 2541 1400 2545 .

132 2579 159 2628 et
175 2579 271 2631 cetero.

192 2731 366 2791 Notandum
379 2733 457 2807 qnod
466 2733 499 2789 in
515 2731 595 2789 omni
604 2729 811 2805 Missofeniaii
824 2740 963 2788 contotm·
978 2730 1104 2790 &odnie
1117 2740 1144 2789 et
1156 2730 1300 2808 Alleluya
1312 2751 1333 2790 a

127 2812 419 2888 puerisoerofernriis
431 2812 488 2870 sine
503 2813 539 2871 ab
553 2812 622 2870 aliis
629 2812 733 2887 pneris
745 2812 779 2868 in
792 2810 874 2869 titiis
890 2811 935 2870 oei
945 2811 1171 2888 Snpnpeliieeis,
1185 2821 1213 2869 n
1225 2831 1261 2871 en
1272 2831 1331 2888 qno

134 2891 260 2952 Sanctus
277 2894 403 2964 canitur,
425 2911 521 2950 omnes
534 2893 568 2950 in
581 2892 664 2950 ciero
677 2891 798 2967 jaceant
809 2892 963 2967 prostrati,
979 2911 1126 2967 qnonsqne
1139 2893 1259 2951 diootm·
1272 2891 1333 2968 Ber

132 2973 232 3031 omnia
257 2982 325 3031 onte
341 2974 449 3050 Agnus
467 2973 532 3030 Dei.
585 2971 643 3030 Iste
667 2973 737 3030 onio
762 2973 903 3030 tenendus
923 2973 965 3030 oei
984 2993 1123 3047 mopnnm
1145 2972 1273 3032 Missam
1295 2972 1331 3032 in
1411 2967 1416 2985 '

132 3054 265 3113 omnibns
273 3053 363 3128 festis
380 3055 480 3118 diebns
494 3073 551 3129 per
571 3073 694 3124 annum,
717 3053 778 3110 nisi
794 3073 814 3110 a
837 3051 918 3112 Oenn
939 3052 1062 3112 Domini
1082 3073 1173 3128 usqne
1185 3053 1228 3112 ad
1248 3053 1332 3114 Deus

131 3133 291 3208 omnium,*
303 3134 409 3195 scilicet
422 3136 540 3209 qnando
555 3141 692 3191 eantotnr
705 3133 802 3190 Missa
815 3134 851 3191 <ie
863 3133 962 3192 Ferio.

602 3354 702 3410 qun
724 3351 861 3424 Quium.

193 3492 289 3552 Lectio
301 3493 436 3570 Epistola
449 3493 642 3552 teactJmott
649 3494 780 3571 Apostoli
792 3495 835 3574 (o.
853 3496 947 3569 7-10).

194 3573 365 3632 Uerissimi:
387 3574 541 3632 Patientes
562 3580 656 3634 estote
673 3597 764 3651 nsque
777 3577 819 3634 oei
838 3577 930 3634 locuti
943 3584 1013 3635 sunt
1026 3578 1059 3634 in
1072 3578 1191 3636 nomine
1205 3577 1330 3638 Domini

133 3654 228 3712 nostri
241 3654 263 3712 J
264 3674 316 3712 esu
328 3654 448 3713 christi.

193 3734 359 3794 Secundum
373 3735 548 3794 Mattltaenm
570 3735 633 3813 (iii.
651 3737 727 3814 1-6).

193 3816 232 3873 In
246 3816 298 3874 illo
311 3822 451 3892 tempore,
466 3816 561 3875 Venit
575 3816 596 3874 J
597 3817 726 3875 ohannes
739 3838 828 3892 nopae
842 3820 883 3876 ad
896 3819 1070 3878 confitentes
1083 3824 1201 3896 peccata
1214 3839 1275 3880 sua.

616 4047 716 4104 Ferus
736 4048 844 4105 Suxrn.

193 4127 327 4204 Epistola
340 4126 542 4186 Dominioalis.

193 4208 385 4282 Eoonpeiinm
398 4209 556 4266 secandum
569 4206 683 4266 Lnoom
696 4208 757 4285 (iii
775 4208 871 4286 7-18).

192 4290 231 4347 In
251 4289 303 4346 illo
323 4295 462 4366 tempore,
485 4288 610 4348 Dicebat
629 4289 652 4347 J
653 4309 762 4347 oannes
781 4289 819 4346 ad
832 4291 936 4348 turbas
948 4311 1039 4366 usqne
1051 4291 1093 4350 od
1105 4293 1325 4371 evangelizabat

132 4370 248 4447 populo.

176 4498 189 4523 ³¹
206 4497 258 4542 The
268 4497 356 4542 second
365 4496 519 4555 Responsory
529 4497 554 4541 oi
563 4496 604 4542 the
616 4498 652 4542 lst
662 4496 769 4541 Nocturn
781 4496 806 4541 oi
815 4496 855 4543 the
867 4496 944 4541 Third
955 4497 1055 4557 Sunday
1065 4498 1126 4544 aiter
1137 4498 1272 4545 Pentecost.
