2946 5002
504 341 600 405 Festa
621 340 826 407 Novembris.

130 506 270 584 Epistola.
313 508 360 565 De
373 507 538 584 virginibus
552 514 739 584 praeceptum.

132 588 265 647 Grudale.
311 588 392 645 Audi
405 588 474 645 filia.

130 668 278 744 Alleluya
326 668 355 729 V.
383 668 580 726 cantantibus
602 669 718 745 organis
741 667 858 726 Caecilia
878 670 962 748 virgo
985 670 1040 728 soli
1064 672 1192 731 Domino
1217 675 1264 733 de«

73 751 207 809 cantabat
220 750 320 807 dicens
333 771 339 808 ι
360 749 429 806 Fiat
441 768 490 807 cor
504 768 602 806 meum
622 755 653 806 et
666 769 771 826 corpus
791 770 890 807 meum
909 751 1142 827 immaculatum,
1153 761 1188 814 ut
1202 775 1262 813 non

73 830 240 890 confundar.

129 909 291 986 Sequentia.
334 910 534 983 Exsultemus,
548 919 583 966 at
603 910 637 967 ia
651 909 815 969 Communi.

128 992 329 1067 Eveaqeliam.
373 990 475 1049 Simile
489 997 533 1049 est
546 1010 668 1067 regnum
682 991 819 1050 caelorum
832 992 932 1051 decern
944 993 1117 1071 virginibus.

131 1071 322 1146 Offcrtoeiwm.
366 1072 542 1142 Offerentur,
556 1070 660 1147 majas.

129 1151 248 1210 Secreta.

129 1231 205 1290 Haeo
230 1232 336 1304 hostia,
365 1232 502 1305 Domine,
530 1232 704 1308 placationis
731 1238 762 1291 et
782 1233 885 1308 laudis,
908 1254 1082 1311 quaesumus,
1111 1243 1147 1295 ut
1168 1238 1257 1296 inter·

69 1314 208 1451 vgniente
220 1314 307 1451 pcata
322 1314 441 1372 Caecilia
454 1320 584 1389 martyre
597 1321 658 1389 tua,
673 1333 727 1373 nos
743 1319 796 1372 tua
808 1316 1019 1392 propitiatione
1032 1318 1135 1395 dignos
1148 1339 1262 1396 semper

69 1413 86 1453 e
117 1395 181 1452 ciat.
251 1414 290 1451 er.

131 1473 309 1534 Omamaaio.
352 1473 585 1535 confundantur.

130 1553 390 1614 Postmmmaaia*

129 1635 260 1708 satiasti,
289 1636 424 1705 Domine,
452 1635 594 1694 familiam
620 1642 703 1694 tuam
736 1637 907 1696 muneribus
934 1639 1023 1697 sacris
1034 1660 1043 1712 ;
1064 1641 1127 1717 ejus
1147 1661 1261 1719 semper

67 1716 276 1776 intercessione
289 1737 342 1774 nos
355 1717 463 1789 refove,
477 1718 522 1792 cuj
527 1737 560 1774 us
573 1717 726 1775 sollemnia
739 1719 923 1777 celebramus.
967 1720 1032 1780 Per.

190 1939 302 1996 Sarcrr
324 1938 505 2010 Onnumrrs,
528 1954 612 1996 rara
632 1956 670 1997 nr
690 1955 853 1999 uramara.
906 1940 959 2018 (ix.
975 1941 1046 2000 Kal.
1062 1942 1147 2019 Dec.)

132 2079 156 2138 O
206 2078 272 2137 ‘arm

130 2077 214 2218 Didii
228 2159 394 2218 Dominus:
417 2157 571 2217 Sermones
585 2159 650 2232 mei,
667 2179 740 2236 quos
761 2160 829 2218 dedi
846 2160 878 2217 in
892 2180 923 2218 os
940 2165 1035 2234 tuum,
1050 2180 1110 2218 non
1124 2161 1263 2220 deficient

69 2240 106 2298 de
127 2260 177 2299 ore
201 2247 272 2298 tuo:
301 2240 384 2297 adest
406 2241 486 2297 enim
509 2260 617 2297 nomen
641 2248 735 2314 tuum,
758 2248 789 2298 et
811 2261 934 2300 munera
956 2248 1011 2300 tua
1034 2249 1153 2320 accepta
1173 2249 1263 2302 erunt

69 2341 158 2398 super
170 2321 263 2378 altare
275 2341 381 2378 meum.

129 2402 275 2467 Facinus.
318 2401 535 2459 Misericordiae
548 2401 687 2481 Domini:
708 2403 742 2460 in
755 2406 898 2460 aeternum
911 2402 1043 2462 cantabo.

132 2482 241 2542 Oratio.

130 2563 221 2636 Deus,
236 2564 289 2639 qui
308 2582 362 2620 nos
379 2583 478 2620 annua
499 2563 579 2620 beati
600 2563 760 2621 Clementis
782 2564 921 2640 martyris
941 2564 988 2622 tui
1009 2569 1098 2639 atque
1116 2566 1265 2642 pontificis

69 2643 267 2703 sollemnitate
297 2643 435 2716 laetificas,
465 2644 589 2701 concede
620 2645 774 2720 propitius,
808 2652 844 2702 ut
870 2645 954 2721 cujus
974 2636 1112 2725 Μὼῷ
1132 2646 1263 2719 colimus,

69 2725 213 2783 virtutem
227 2743 344 2800 quoque
357 2725 498 2800 passionis
514 2725 671 2782 imitemur.
715 2725 779 2784 Per.

129 2805 273 2863 Memmia
286 2807 320 2862 de
334 2815 434 2863 scaete
447 2805 605 2875 Felicitate,
620 2815 754 2881 martyre.
799 2805 907 2867 Oratio.

129 2886 251 2957 Praesta,
266 2905 439 2961 quaesumus,
462 2887 645 2962 omnipotens
666 2886 756 2960 Deus,
770 2892 806 2944 ut
826 2887 919 2944 beatae
939 2887 1102 2945 Felicitatis
1122 2888 1261 2965 martyris

68 2973 128 3025 tuae
141 2966 293 3024 sollemnia
306 2973 496 3038 recensentes,
512 2967 625 3024 meritis
638 2968 730 3044 ipsius
743 2973 931 3046 protegamur
944 2974 975 3026 et
988 2969 1129 3045 precibus.
1165 2971 1230 3029 Per.

129 3046 270 3123 Epistola.
313 3046 464 3104 Doctrinis
478 3048 574 3105 variis.

132 3126 266 3185 Graiam
308 3128 437 3186 Juravit.

130 3207 278 3284 Alleluya
327 3207 355 3266 V.
378 3209 440 3266 Iste
454 3214 579 3266 sanctus.

130 3287 293 3364 Sequentia.
337 3288 497 3365 Organicis,
512 3291 546 3346 ia
560 3288 724 3349 Communi.

130 3368 329 3444 annqeiium.
371 3370 456 3426 Nihil
471 3377 613 3448 opertum.

132 3448 325 3523 offertorium.
366 3450 493 3509 Veritas.

129 3529 271 3597 Sacram

130 3610 265 3684 Munera,
281 3611 417 3684 Domine,
439 3611 536 3669 oblata
556 3610 712 3682 sanctifica,
731 3616 762 3669 et
782 3611 981 3669 intercedente
1001 3610 1087 3668 beato
1110 3610 1263 3669 Clemente

72 3697 201 3766 martyre
213 3697 275 3762 tuo,
289 3712 342 3767 per
354 3693 415 3750 haec
428 3712 446 3749 a
458 3699 643 3766 peccatorum
656 3698 822 3750 nostrorum
835 3692 957 3750 maculis
970 3692 1103 3750 emunda.
1146 3692 1211 3749 Per.

130 3771 201 3830 aaa
213 3771 333 3832 Secreta.

130 3851 212 3910 Vota
224 3854 326 3930 populi
340 3853 393 3926 tui,
406 3853 542 3926 Domine,
557 3853 733 3930 propitiatus
746 3854 885 3928 intende;
906 3860 937 3912 et
950 3873 1075 3930 quorum
1088 3872 1141 3912 nos
1153 3852 1263 3910 tribuis

72 3932 223 3990 sollemnia
235 3934 389 4006 celebrare,
403 3934 449 3991 fac
462 3935 588 4011 gaudere
601 3935 753 4012 suffragiis.
796 3934 861 3993 Per.

131 4012 312 4073 Communia.
353 4014 462 4072 Beatus
475 4034 582 4073 servus

129 4181 143 4206 '¹
157 4181 210 4228 MS.
227 4181 503 4240 D.-Sacramentorum,
513 4181 624 4239 Domine,
633 4183 762 4242 participes
772 4182 851 4228 effecti
865 4182 1019 4240 imploramus
1028 4182 1177 4229 elementiam
1187 4186 1260 4242 tuam,

72 4241 100 4286 ut
108 4239 183 4311 beatae
194 4241 295 4288 cecilie
305 4242 410 4299 virginis
419 4246 466 4312 tua
475 4245 500 4286 et
517 4242 630 4301 martyris
639 4243 779 4288 interventu
788 4245 938 4300 peccatorum
953 4244 1089 4286 nostrorum
1103 4242 1196 4288 veniam
1205 4256 1264 4288 con·

73 4311 144 4428 ”qul
149 4301 545 4406 inlegeapmujprgfflmppplmpffl
555 4360 669 4419 martyris
680 4361 716 4406 tui
729 4363 802 4418 atque
815 4358 933 4418 pontificis
946 4358 1056 4428 passione
1072 4363 1194 4418 gratanter
1209 4360 1263 4417 tibi,

73 4414 181 4477 Domine,
189 4432 280 4464 munus
289 4418 418 4476 offerimus,
429 4420 486 4477 quia
495 4418 557 4463 siout
566 4432 621 4464 eum
635 4420 754 4466 sentimus
764 4419 845 4466 vivere
859 4417 885 4464 in
899 4422 923 4465 te
937 4418 1076 4479 glonosum,
1085 4420 1120 4467 sie
1134 4432 1179 4480 pro
1192 4419 1268 4467 nobis

73 4473 216 4523 intercedere
226 4477 374 4525 confidimus
406 4478 453 4524 Per
463 4477 599 4525 Dominum.

129 4554 197 4598 V01a
212 4555 248 4598 11.
658 4555 681 4597 Κ
