2946 5002
703 399 799 463 Festa
820 397 938 463 Janii.

466 629 577 685 Sanam
599 628 730 700 Annam,
754 644 914 686 naariam.
960 627 999 704 (x.
1018 627 1086 685 Kal.
1102 627 1180 705 Jul.)

287 775 427 851 Offieinm.
469 777 577 834 Justus
590 783 627 833 ut
639 774 744 852 palma.

180 870 183 873 ’
286 868 395 927 Oratio.
439 868 561 939 Praesta,
576 887 750 945 quaesumus.

285 961 425 1038 Epistol.
468 962 576 1020 Justus
587 961 611 1017 si
625 967 727 1018 morte.

287 1055 420 1113 Oradal.
463 1054 603 1112 Posuisti.

284 1136 434 1212 Alleluya.
483 1135 512 1193 V.
535 1135 708 1192 Laetabitur.

285 1229 448 1304 Sequentia.
492 1228 654 1305 Organicis‚
669 1236 704 1284 at
716 1227 750 1284 in
765 1224 926 1286 Communi.

286 1322 487 1398 annpeliam.
531 1321 618 1378 Nihil
633 1326 777 1397 ope1tum.

286 1415 480 1490 Offertorinm.
524 1414 662 1471 Posuisti.

286 1507 468 1568 Oommnnio.
512 1506 572 1575 Qui
585 1506 659 1563 vult.

271 1599 332 1740 O&
344 1601 403 1658 brea
422 1599 530 1674 Vr'pitia
543 1619 661 1674 reqaene
673 1597 708 1654 in
720 1596 878 1654 Dominiaa
892 1596 1022 1668 evenerit,
1032 1596 1150 1653 dicatur
1158 1594 1195 1651 M
1193 1596 1253 1653 iera
1265 1596 1300 1654 de
1314 1595 1423 1670 Viqtia

222 1682 256 1739 in
297 1682 409 1758 apitnla
424 1701 490 1738 eam
504 1681 601 1756 Kyrie
614 1680 741 1754 eleyson,
758 1678 860 1735 Gloria
873 1678 905 1734 in
916 1677 1046 1749 excelsior,
1061 1686 1096 1733 at
1109 1675 1144 1733 in
1156 1678 1422 1734 commemoratione

221 1762 304 1820 Petri
317 1773 343 1822 et
357 1761 457 1820 Pauli.
501 1761 572 1819 Trea
584 1761 722 1818 dicantar
737 1760 889 1817 Orationes
898 1783 908 1817 .·
917 1758 1027 1834 prima,
1042 1760 1077 1815 de
1097 1756 1226 1832 Vipilia;
1241 1759 1373 1830 secanda,
1386 1759 1423 1815 de

220 1854 322 1903 saneta
336 1843 512 1901 Etieldreda
523 1865 534 1911 ;
549 1851 575 1900 et
585 1843 679 1914 tertia,
694 1841 728 1898 de
736 1841 869 1899 omnibns
876 1839 993 1897 Sanctia
1003 1864 1012 1898 :
1026 1848 1052 1896 et
1066 1848 1135 1897 tane
1146 1840 1186 1896 ed
1196 1840 1320 1896 Minoam
1329 1840 1365 1896 de
1374 1839 1423 1897 die

213 1927 274 1998 fiat
288 1935 404 1983 tantam
417 1944 481 1982 nna
496 1923 605 1996 Oratio,
621 1932 646 1980 et
666 1923 785 1980 dicatur
804 1921 945 1996 Alleluya
959 1929 984 1978 et
999 1919 1102 1991 Credo,
1117 1920 1169 1978 aed
1180 1921 1241 1978 aine
1255 1919 1419 1995 Sequentia.

220 2002 281 2064 Iate
305 2008 375 2064 ordo
402 2013 528 2063 eeroetar
548 2006 582 2063 in
609 2004 678 2061 aliie
709 2003 821 2076 Vipilirir
842 2003 877 2059 in
903 2002 1062 2059 Dominioa
1085 2002 1316 2076 eontinpentibae
1338 2011 1420 2058 entra

218 2085 393 2159 Adventum,
414 2086 521 2160 Vipitia
535 2087 570 2141 N
567 2085 711 2143 atioitatie
724 2084 848 2142 Domini
862 2081 1114 2158 excepta-MSS.
1130 2083 1163 2139 A
1176 2083 1235 2140 and
1250 2080 1303 2162 D.]

359 2317 399 2373 In
420 2316 550 2372 V1a1nm
570 2314 774 2371 Namvmams
796 2329 904 2370 ennom
924 2313 945 2369 J
948 2329 1085 2370 aninmo
1110 2312 1276 2371 Barrrsrm.

695 2419 748 2487 (ix.
772 2419 842 2476 Kal.
865 2418 943 2487 Jul.)

280 2526 422 2602 Officium.

277 2609 326 2665 Ne
339 2609 444 2665 timeas
463 2608 624 2678 Zacha1·ia;
644 2606 784 2664 exaudita
798 2612 842 2662 est
857 2606 950 2662 oratio
963 2613 1036 2664 tua:
1057 2612 1088 2663 et
1101 2607 1254 2666 Elizabeth
1276 2617 1419 2668 uxortua

215 2690 311 2766 pariet
334 2690 392 2745 tibi
415 2689 530 2746 filium:
551 2695 581 2745 et
594 2687 712 2744 vocabis
734 2706 841 2743 nomen
865 2687 929 2762 ejus
952 2686 975 2745 J
976 2687 1142 2746 ohannem:
1163 2695 1193 2746 et
1214 2689 1271 2746 erit
1291 2686 1416 2767 magnus

215 2790 312 2828 eoram
326 2769 456 2827 Domino
470 2791 476 2827 :
496 2775 527 2826 et
541 2769 655 2846 Spiritu
670 2766 778 2824 Sancto
792 2767 954 2844 replebitur
967 2768 1062 2826 adhuc
1077 2790 1114 2826 ex
1124 2774 1209 2828 utero
1219 2771 1323 2828 matris
1338 2791 1418 2832 suaet

215 2857 246 2908 et
259 2851 349 2908 multi
362 2851 395 2907 in
408 2850 568 2907 nativitate
582 2849 646 2925 ejus
659 2848 839 2926 gaudebunt.

275 2943 459 3096 Dfflif'in
472 3024 585 3081 virtute
599 3030 652 3081 tua
666 3022 816 3080 laetabitur
828 3042 890 3094 ren,
907 3031 937 3080 et
951 3043 1038 3100 super
1051 3024 1180 3082 salutare
1199 3033 1286 3084 tuum
1306 3027 1417 3085 exsult

214 3105 279 3163 abit
292 3105 489 3163 vehementer.

274 3199 397 3351 gigig,
423 3299 598 3354 quaesumus,
630 3277 815 3355 omnipotens
844 3278 933 3351 Deus,
964 3284 1000 3335 ut
1027 3279 1140 3336 familia
1168 3286 1222 3338 tua
1247 3300 1300 3356 per
1332 3280 1412 3340 viam

212 3361 318 3419 salutis
344 3361 469 3434 incedat,
498 3367 529 3417 et
555 3359 635 3416 beati
661 3359 809 3417 Johannis
835 3360 1021 3436 praecursoris
1048 3359 1237 3418 hortamenta
1264 3362 1413 3435 sectando,

212 3442 260 3581 pp}
261 3462 368 3581 rpsrpnurm
372 3461 460 3517 quem
487 3441 626 3517 praedixit
653 3460 753 3498 secura
779 3442 941 3517 perveniat,
964 3439 1128 3548 Dominum
1152 3447 1286 3499 nostrum
1307 3443 1413 3501 Jesum

214 3685 243 3742 D
274 3567 419 3662 Memmia
442 3605 477 3660 de
499 3611 601 3660 saneta
622 3601 805 3661 Etleeldreda.
858 3602 967 3660 Oratio.
1020 3603 1215 3680 Omnipotens
1235 3605 1413 3682 sempiterne

245 3705 304 3743 ena.

272 3779 369 3837 Lectio
387 3777 539 3836 Hieremia
553 3777 703 3852 Prophetae
716 3776 753 3854 (i.
769 3777 865 3855 4-10).

272 3860 312 3917 In
325 3860 428 3918 diebus
440 3859 509 3928 illie,
522 3857 647 3915 Factum
658 3866 702 3915 est
711 3858 836 3917 verbum
850 3858 974 3916 Domini
982 3859 1019 3916 ad
1033 3879 1080 3917 me
1094 3858 1193 3917 dicens
1206 3881 1212 3916 :
1234 3859 1413 3937 Priusquam

210 3946 242 3999 te
254 3941 412 3999 formarem
425 3940 459 3998 in
471 3946 556 3998 utero
570 3959 660 4013 nepae
673 3940 714 3996 ad
727 3939 851 3997 aedifices
864 3945 895 3997 et
908 3940 1043 4016 plantes;
1064 3941 1137 3998 dicit
1158 3941 1306 3998 Dominus
1319 3943 1412 4000 omni-

211 4027 409 4161 potepffl

271 4183 344 4241 Fuit
357 4185 444 4242 homo
457 4185 563 4242 missus
577 4203 595 4239 a
608 4182 681 4254 Dea,
697 4183 745 4239 cui
758 4202 866 4241 nomen
878 4183 901 4240 J
901 4184 1031 4241 ohannes
1045 4190 1109 4242 erat
1123 4206 1129 4242 :
1150 4183 1198 4241 hie
1211 4185 1302 4242 venit.

216 4263 540 4403 KrfEJcttatlpstimonium
562 4263 730 4356 perhiberet
752 4264 789 4321 de
812 4264 945 4324 lumino:
967 4271 998 4322 et
1011 4285 1114 4342 parare
1138 4265 1268 4324 Domino
1293 4266 1409 4342 plebem

209 4364 246 4422 pe
371 4390 377 4403 .

268 4437 304 4498 Si
325 4439 360 4496 in
383 4439 543 4498 Dominiea
562 4437 692 4510 evenerit,
709 4437 856 4513 Alleluya.
907 4439 936 4497 V.
979 4439 1035 4510 Tu,
1051 4458 1133 4515 puer,
1147 4439 1292 4516 propheta
1313 4440 1407 4499 Aleia

208 4518 277 4580 nimi
289 4519 439 4578 vocaberis
450 4540 459 4593 3
479 4518 597 4598 praeibis
610 4526 680 4578 ante
693 4518 798 4577 faeiem
812 4518 936 4577 Domini
947 4538 1052 4596 parare
1065 4520 1129 4578 vias
1142 4521 1167 4597 ej
1172 4539 1212 4578 ua
