2946 5002
139 372 199 435 156
394 369 443 433 Ia
456 368 547 434 Festo
562 367 671 433 anias
691 367 847 453 Virpiaa'c
861 377 891 436 ct
904 369 1080 455 Martyris.

137 542 183 593 est
204 554 327 612 regnum
349 506 486 592 caelorum
507 536 606 593 decem
626 535 791 612 virginibus
811 556 901 612 usqae
920 537 962 594 ad
983 537 1117 613 Vigilate
1141 537 1253 613 itaque,
1268 538 1340 614 quia

136 617 255 674 nescitis
269 617 347 674 diem
360 635 457 692 nequa
471 617 580 674 horam.

195 713 363 771 Secundum
377 713 552 771 Matricem
564 712 645 790 (aiii.
661 715 781 792 44-52).

196 794 236 851 In
249 794 301 850 illo
315 802 456 871 tempore,
472 794 561 852 Dixit
577 794 599 852 J
601 815 665 852 esus
679 795 828 870 discipulis
849 796 910 854 suis
928 795 1095 873 parabolam
1114 795 1213 868 hanc;
1234 795 1338 854 Simile

136 881 180 932 est
194 895 318 959 regnum
332 877 468 933 caelorum
481 876 619 933 thesauro
633 876 802 934 abscondito
815 877 849 934 in
861 897 931 954 agro
945 897 1035 952 aeque
1048 876 1090 934 ad
1107 877 1160 953 qui
1173 876 1289 954 profert
1302 877 1338 934 de

136 956 274 1013 thesauro
288 976 340 1013 suo
354 975 432 1013 nova
445 962 476 1014 ct
490 962 597 1014 vetera.

197 1048 390 1187 Didiidduddi
407 1129 503 1205 gratia
524 1130 557 1185 in
578 1130 664 1187 labiis
687 1131 766 1188 tuis:
792 1137 946 1208 propterea
966 1131 1121 1189 benedixit
1134 1136 1176 1189 te
1198 1130 1283 1189 Deus
1305 1131 1338 1187 in

136 1216 289 1281 aeternum,
304 1216 335 1267 et
348 1211 381 1267 in
395 1211 535 1267 saeculum
549 1211 654 1268 saeculi

197 1309 301 1383 Majus
316 1308 508 1383 offertorium.

199 1390 369 1446 Offerentur
382 1389 445 1465 regi
463 1390 611 1465 virgines:
631 1391 773 1466 proximae
794 1392 856 1467 ejus
876 1390 1038 1448 offerentur
1050 1391 1108 1448 tibi
1127 1391 1160 1447 in
1179 1391 1287 1448 laetitia
1307 1397 1337 1449 et

136 1470 352 1527 exsultatione:
373 1471 557 1528 adducentur
570 1472 602 1527 in
615 1472 761 1548 templum
774 1473 836 1548 regi
850 1471 987 1529 Domino

196 1568 302 1626 Minus
317 1568 508 1642 offertorium.

150 1655 153 1660 ’
196 1649 366 1707 Offerentur
378 1649 441 1725 regi
454 1650 584 1726 virgines
597 1657 663 1726 post
677 1671 757 1708 eam:
779 1650 920 1728 proximae
934 1652 998 1728 ejus
1012 1651 1172 1708 offerentur
1185 1650 1251 1710 tibi.

195 1740 237 1799 Ia
251 1752 373 1818 tempore
386 1742 533 1814 Pascbali,
548 1743 696 1818 Alleluya.

196 1835 398 1992 giiiidoidgdin
411 1916 443 1972 in
457 1916 567 1972 honore
581 1923 653 1974 tuo:
675 1916 772 1974 astitit
786 1917 888 1993 regina
904 1937 922 1974 a
942 1917 1072 1974 dexteris
1092 1916 1153 1974 tuis
1174 1916 1207 1973 in
1220 1917 1335 1977 vestitu

136 1996 285 2070 deaurata
297 1997 476 2055 circumdata
489 1997 640 2054 varietate.

195 2089 321 2228 {effla
345 2171 410 2243 tibi,
434 2170 571 2241 Domine,
593 2171 686 2226 beatae
708 2171 748 2227 N.
773 2170 897 2245 virginis
919 2160 1115 2246 martyrisque
1138 2176 1199 2227 tuae
1221 2171 1334 2231 dicatas

134 2252 250 2315 meritis
264 2251 408 2326 benignus
422 2270 556 2308 assume:
578 2251 662 2307 etad
679 2258 854 2329 perpetuum
872 2252 958 2309 nobis
977 2253 1075 2309 tribue
1095 2254 1249 2328 pervenire
1268 2254 1334 2310 snb

135 2333 250 2390 sidium.
295 2332 353 2389 Per
366 2332 537 2389 Dominum.

151 2553 154 2557 .
194 2424 381 2563 gididszdmddt
402 2506 498 2582 gratia
520 2506 554 2562 in
577 2504 663 2562 labiis
686 2506 766 2563 tuis:
794 2510 949 2582 propterea
971 2506 1123 2563 benedixit
1143 2511 1175 2563 te
1197 2506 1280 2563 Deus
1300 2507 1332 2562 in

135 2592 369 2742 aetelliauddrisporc
382 2667 528 2738 Pascdali,
544 2666 693 2740 Alleluya‚
709 2667 842 2743 alleluya

195 2759 374 2818 Communia
417 2760 562 2816 Dilexisti
571 2759 722 2834 justitiam
737 2780 743 2816 :
767 2764 799 2817 et
811 2759 901 2816 odisti
914 2759 1111 2836 iniquitatem.

196 2851 377 2910 Communia.

196 2932 427 2989 (leniundantur
441 2933 568 3008 superbi,
583 2931 653 3007 quia
666 2932 777 3008 injuste
790 2933 980 3009 iniquitatem
993 2934 1126 2991 fecerunt
1142 2934 1176 2990 in
1189 2953 1257 2994 me:
1278 2955 1330 3012 ego

135 3018 235 3070 autem
250 3014 283 3070 in
297 3014 443 3070 mandatis
457 3014 517 3070 tuis
533 3012 698 3084 exercebor,
713 3013 746 3069 in
763 3015 825 3072 tuis
838 3015 1110 3091 justificationibus,
1129 3020 1165 3072 ut
1182 3035 1244 3074 non
1264 3036 1330 3074 con-

133 3094 248 3152 fundar.

199 3175 380 3234 Communia.

201 3257 271 3314 Feci
287 3257 434 3332 judicium
456 3263 487 3314 et
506 3256 677 3332 justitiam:
701 3256 838 3328 Domine,
860 3277 922 3314 non
948 3257 1166 3315 calumnientur
1186 3258 1263 3316 mihi
1286 3279 1331 3316 su-

140 3338 243 3413 perbi:
264 3337 301 3394 ad
322 3337 421 3394 omnia
439 3338 579 3395 mandata
595 3344 650 3395 tua
667 3338 823 3414 dirigebar,
837 3358 954 3396 omnem
974 3339 1053 3396 viam
1073 3339 1244 3415 iniquitatis
1264 3340 1330 3398 odio

138 3418 237 3475 habui.

205 3497 386 3557 Ocramaaio.

205 3580 343 3656 Quinque
370 3577 529 3655 prudentes
550 3579 679 3655 virgines
702 3588 877 3656 acceperunt
903 3582 1000 3639 oleum
1023 3581 1056 3638 in
1082 3580 1161 3639 vasis
1184 3582 1246 3640 suis
1262 3603 1329 3640 cum

143 3661 345 3738 lampadibus:
366 3659 463 3716 media
476 3665 576 3716 autem
589 3667 675 3718 nocte
689 3662 798 3720 clamor
810 3662 905 3719 factus
919 3669 963 3720 est
974 3684 982 3736 3
1003 3662 1079 3720 Ecce
1098 3682 1222 3738 sponsus
1235 3665 1327 3735 venit,

145 3743 225 3800 exite
240 3743 358 3799 obviam
367 3741 485 3798 Christo
498 3740 635 3799 Domino.

199 3835 376 3974 giddilemiisot
390 3911 526 3991 ,regnum
553 3915 692 3973 caelorum
720 3900 835 3973 honiini
861 3917 1039 3994 negotiatori
1065 3919 1211 3994 quaerenti
1237 3920 1329 3976 bonas

141 4000 334 4074 margaritas:
356 3998 479 4056 inventa
498 4017 558 4054 una
577 3998 706 4073 pretiosa
725 3998 899 4076 margarita:
922 3999 1004 4057 dedit
1024 3999 1123 4056 omnia
1143 4019 1196 4057 sua
1210 4005 1241 4058 et
1255 4020 1328 4058 com-

136 4079 253 4155 paravit
266 4099 336 4136 eam

199 4171 522 4330 gmmbilpiqddopersecuti
540 4258 611 4311 sunt
630 4273 678 4312 me
698 4254 797 4330 gratis,
813 4259 844 4312 et
859 4274 877 4311 a
889 4254 987 4312 verbis
1005 4253 1067 4310 tuis
1087 4252 1259 4311 formidavit
1280 4275 1328 4312 cor

142 4353 258 4391 meum:
279 4334 402 4391 laetabor
414 4353 467 4410 ego
481 4354 569 4410 super
589 4335 704 4411 eloquia
724 4343 785 4406 tua,
800 4336 877 4392 sicut
899 4335 951 4412 qui
971 4335 1086 4391 invenit
1106 4335 1201 4410 spolia
1213 4336 1328 4393 multa:

143 4415 313 4551 conctippivit
336 4416 435 4473 anima
461 4435 526 4473 mea
552 4416 722 4474 testimonia
748 4424 809 4491 tua,
835 4416 972 4487 Domine,
995 4421 1026 4472 et
1051 4415 1159 4473 dilexit
1180 4435 1215 4474 ea
1241 4416 1326 4473 vehe-

136 4512 204 4550 men
237 4515 259 4551 r.
