2946 5002
663 332 807 417 Pacsace.
1274 334 1334 398 xxi

135 498 233 576 pensis
247 498 395 557 Guerardi
407 499 571 573 Wansfort‚
590 500 755 574 bibliopolae
773 501 806 556 in
824 499 944 558 civitate
962 500 1050 558 Ebor.
1070 519 1183 558 moram
1196 500 1332 575 gerentia.

137 577 227 637 Anno
253 580 378 656 Domini
398 581 554 639 millesimo
575 580 810 657 quingentesimo
831 581 956 658 septimo
976 580 1161 658 quindecima
1181 582 1229 641 die
1249 582 1271 640 J
1273 583 1337 639 unii

134 661 281 738 expositio
294 661 363 719 finit
377 661 509 720 feliciter.
552 662 616 720 Deo
630 663 691 720 sint
704 663 814 739 gratiae.
858 663 966 720 Amen.

197 831 289 896 Then
303 831 426 898 follows
440 834 496 898 the
511 833 641 911 Tabula,
658 833 740 899 after
754 834 902 930 whichf-

437 960 488 1018 Aa
505 960 640 1020 lectorem.

438 1041 632 1118 Splendidam
646 1042 762 1118 pulchri
776 1042 923 1119 specimen
936 1041 1030 1101 libelli

437 1122 544 1180 Lector
556 1123 730 1200 inspectans,
746 1125 859 1182 animos
873 1125 1005 1183 faventes

439 1203 538 1277 Sume,
551 1223 658 1281 guerar
670 1205 777 1262 merito
791 1225 936 1282 reponens

768 1285 954 1344 Wnusronr.

200 1411 269 1476 The
283 1411 369 1477 book
384 1412 529 1477 contains
543 1413 600 1478 the
615 1414 657 1478 78
672 1413 850 1500 Sequences
864 1416 929 1479 and
942 1416 1028 1481 their
1041 1416 1240 1502 Exposition.

198 1669 269 1735 The
283 1669 450 1755 following
469 1639 608 1755 portion,
620 1668 656 1732 of
667 1669 723 1733 the
744 1667 908 1754 Sequence
923 1669 973 1734 for
994 1668 1026 1735 S.
1044 1669 1243 1737 Gatharine's
1258 1671 1333 1756 Day

133 1783 201 1850 will
215 1784 291 1871 give
306 1805 349 1848 an
363 1783 434 1847 idea
448 1781 484 1847 of
494 1781 550 1846 the
564 1781 728 1866 character
741 1781 778 1847 of
788 1780 844 1846 the
860 1788 880 1817 “
891 1777 1060 1867 Expositio
1070 1781 1133 1829 ’'-

385 1960 425 2017 ΙΝ
445 1960 544 2018 Fnsro
564 1975 686 2016 sauceia
707 1959 913 2031 Karnanrnira,
935 1976 1079 2018 vrnanus.

499 2102 578 2160 Odas
592 2102 625 2159 in
638 2102 692 2158 hac
706 2102 754 2158 die
767 2102 851 2159 laetas

391 2211 394 2218 ·
498 2183 617 2241 Ghristo
631 2189 718 2241 canat
731 2183 826 2240 omnis
840 2189 911 2240 aetas

539 2263 641 2334 Corde,
656 2283 735 2336 voce,
750 2263 875 2322 fidibus:

499 2345 625 2402 Omnem
639 2351 752 2421 spectat
764 2344 802 2402 ad
816 2351 933 2402 aetatem

497 2426 673 2483 Katharinae
687 2425 862 2501 dignitatem

538 2507 696 2564 Gumulare
709 2507 853 2563 laudibus,

497 2588 570 2645 Haec
585 2587 694 2644 catilla
709 2587 791 2645 Oosti
805 2592 884 2660 nata,

497 2668 589 2743 Gujus
603 2674 671 2725 ortu
685 2668 820 2725 decorata

539 2749 692 2806 Gloriatur
706 2748 826 2807 Graecia.

193 2874 366 2933 Katharina
375 2873 485 2931 dicitur
495 2893 512 2930 a
523 2872 627 2930 Katha
639 2872 718 2948 quod
731 2878 776 2929 est
789 2872 959 2929 universum
974 2879 1003 2929 et
1018 2873 1104 2929 ruina
1117 2875 1202 2948 quasi
1214 2877 1331 2933 univer-

136 2955 202 3013 salis
221 2957 316 3014 ruina.
360 2955 456 3012 Omne
477 2955 557 3010 enim
577 2954 733 3010 aedificium
751 2953 861 3010 diaboli
879 2953 911 3009 in
929 2972 963 3010 ea
981 2953 1188 3012 universaliter
1208 2958 1328 3026 corruit,

136 3056 203 3094 nam
216 3037 249 3093 in
263 3057 298 3094 ea
311 3037 373 3093 ruit
387 3035 543 3092 aedificium
558 3035 710 3110 superbiae.

192 3118 358 3176 Gonstrue:
394 3116 498 3174 Omnis
518 3122 596 3187 aetas,
622 3115 677 3188 aa,
706 3116 801 3172 omnis
828 3116 915 3172 homo
939 3115 1096 3191 cujuslibet
1125 3118 1220 3174 aetatis
1249 3119 1328 3174 canit

137 3196 252 3256 Ghristo
272 3198 355 3255 laetas
375 3198 453 3268 odas,
482 3197 537 3266 aa,
562 3196 630 3253 laeta
650 3197 764 3253 cantica
785 3197 818 3253 in
841 3197 896 3253 hac
916 3196 963 3252 die
987 3197 1080 3268 corde,
1106 3217 1185 3269 voce,
1211 3197 1329 3271 fidibus,

135 3278 188 3353 aa,
202 3279 319 3337 chordis
332 3278 460 3336 citharae.
503 3276 631 3354 Spectat,
645 3277 700 3349 aa,
712 3277 840 3353 pertinet
853 3278 890 3334 ad
904 3296 1010 3334 omnen
1031 3284 1148 3335 aetatem
1169 3280 1327 3352 cumulare,

137 3359 187 3431 aa,
211 3379 318 3436 augere
342 3360 516 3435 dignitatem
537 3358 713 3415 Katharinae
734 3359 877 3430 laudibus,
899 3359 954 3428 aa,
977 3378 1042 3414 cum
1065 3357 1208 3416 laudibus.
1256 3361 1329 3417 Haec

137 3441 245 3499 scilicet
263 3440 432 3498 Katharina
445 3447 490 3498 est
503 3441 561 3499 ista
574 3446 654 3512 nata,
670 3439 726 3511 aa,
740 3439 801 3496 filia
822 3439 903 3496 Costi
924 3438 1006 3495 illius
1026 3440 1109 3516 regis.
1154 3440 1231 3497 Ortu
1245 3442 1331 3516 cujus

139 3520 259 3594 Graecia,
272 3523 326 3595 aa,
341 3522 394 3578 illa
412 3521 510 3599 patria
530 3521 674 3592 decorata,
692 3520 746 3591 aa,
763 3526 866 3577 ornata
875 3539 884 3592 ;
904 3519 1055 3596 gloriatur,
1076 3520 1132 3593 aa,
1146 3521 1262 3597 plaudit
1285 3521 1329 3579 vel

136 3603 319 3678 jocundatur.

195 3684 366 3741 Katharina
378 3703 438 3741 non
451 3682 510 3740 nisi
530 3683 567 3740 ab
588 3681 734 3758 imperitis
755 3681 864 3739 dicitur
885 3681 1025 3739 universa
1043 3681 1138 3754 ruina,
1153 3702 1207 3740 nec
1220 3682 1330 3740 dicitur

139 3763 256 3822 Graeciae
283 3785 398 3840 gemma
426 3765 496 3840 quia
522 3764 604 3821 illino
639 3769 714 3820 esset
743 3769 827 3835 orta;
860 3762 939 3837 quod
971 3769 1072 3819 tamen
1106 3769 1208 3820 auctor
1240 3763 1330 3839 hujus

139 3844 303 3922 Sequentiae
324 3846 462 3922 putavit3
492 3845 543 3902 sed
564 3849 627 3901 erat
653 3843 800 3919 AEgyptia
827 3843 1017 3900 Alexandriae
1041 3849 1114 3913 orta,
1135 3850 1170 3901 ut
1193 3845 1331 3920 Baptista

138 3925 320 3984 Mantuanus
340 3927 449 4002 aliique
470 3926 660 3982 historiarum
678 3925 767 4000 periti
787 3944 855 3982 vere
875 3925 986 3982 docent.
1030 3923 1133 3980 Potest
1152 3931 1252 3981 autem
1273 3926 1332 3982 dici

139 4007 255 4065 Graeciae
269 4027 394 4084 gemma,
407 4007 476 4083 quia
486 4007 576 4064 etiam
590 4005 706 4063 Graecos
717 4006 825 4062 devicit
836 4011 973 4077 oratores
986 4011 1016 4062 et
1026 4006 1064 4062 ad
1073 4005 1162 4062 fidem
1176 4007 1328 4063 convertit.

138 4088 176 4146 Et
187 4091 232 4147 ita
245 4090 273 4147 si
286 4088 365 4146 hunc
379 4090 476 4145 locum
496 4087 609 4144 salvare
630 4087 695 4162 quis
715 4087 789 4143 velit
809 4086 888 4142 dicat
908 4087 991 4162 cujus
1011 4093 1087 4158 ortu,
1101 4085 1157 4159 aa,
1172 4088 1331 4145 emersione

138 4170 172 4228 ad
183 4171 310 4250 gloriam
324 4176 355 4228 et
369 4169 438 4226 fidei
451 4168 635 4244 splendorem
649 4167 762 4224 Graecia
776 4167 919 4238 decorata,
935 4168 982 4223 dac.

497 4289 572 4345 Haec
585 4294 629 4346 est
643 4308 707 4364 quae
722 4307 822 4344 mnam
836 4288 891 4344 sibi
906 4288 1006 4345 datam

496 4368 614 4427 Ghristo
627 4369 725 4426 reddit
738 4369 920 4446 decuplatam

538 4450 605 4508 Oria
619 4450 793 4526 eloquentia.
