2946 5002
220 324 285 393 220
572 319 622 385 Ia
642 319 735 386 Festo
759 319 896 387 Goroace
918 318 1071 384 Domini.
1094 379 1096 384 .

280 485 399 546 Secreta.

280 567 319 624 In
342 568 531 641 veneratione
544 567 673 624 nominis
693 567 794 624 dilecti
808 566 879 624 Filii
896 559 946 624 ¹tui
959 566 1083 624 Domini
1100 565 1196 624 nostri
1208 565 1284 624 Jesu
1298 565 1422 639 Christi,

220 649 303 706 Deus
329 648 420 706 Pater
446 649 721 720 misericordiarum,
751 648 867 705 devotis
894 648 1043 705 mentibus
1070 647 1182 705 hostias
1210 646 1423 719 immolamus,

219 729 393 807 suppliciter
416 730 613 805 deprecantes,
637 734 673 785 ut
696 748 795 786 earum
819 729 932 786 virtute
956 729 1069 786 eunctis
1090 729 1244 804 egentibus
1264 734 1424 804 praestetur·

219 810 372 882 auxilium,
388 810 470 867 utin
483 810 585 867 eodem
598 809 717 868 nomine
731 810 917 882 delectanter,
929 809 1094 867 salutarem
1107 809 1155 866 sui
1167 808 1312 886 propositi
1326 829 1423 867 conse-

218 897 350 965 quantur
363 891 507 949 effectum.
549 890 615 947 Per.

280 981 521 1122 girriddriiiwdabo
535 1083 644 1122 manna
657 1063 869 1136 absconditum,
892 1069 923 1121 et
935 1064 1010 1121 dabo
1024 1063 1070 1120 illi
1083 1063 1228 1121 calculum
1241 1063 1400 1121 candidum
1413 1085 1419 1121 :

220 1149 251 1201 et
264 1144 297 1200 in
310 1145 420 1202 calculo
433 1165 545 1202 novum
558 1164 667 1202 nomen
680 1140 832 1221 scriptum,
846 1145 925 1221 quod
938 1164 1024 1202 nemo
1038 1145 1123 1202 novit
1135 1145 1195 1202 nisi
1208 1144 1261 1221 qui
1268 1144 1389 1220 ‘accipit

281 1241 523 1300 Postcommauio.

281 1321 470 1379 Sacrosaneta
483 1322 623 1398 mysteria
636 1341 702 1398 quae
716 1321 902 1397 sumpsimus,
917 1322 1054 1394 Domine,
1074 1322 1113 1379 ad
1126 1323 1267 1379 honorem
1281 1323 1420 1399 complac-

220 1401 365 1460 entissimi
379 1403 503 1460 Domini
516 1403 612 1460 nostri
625 1403 647 1460 J
648 1422 699 1460 esu
713 1402 826 1460 (lhristi
839 1403 954 1460 devotis
975 1402 1111 1460 cordibus
1125 1403 1294 1473 recolentes,
1309 1423 1420 1478 quaesu-

220 1502 295 1554 mus,
306 1494 342 1540 ut
350 1483 532 1542 incrementa
545 1483 706 1560 spiritualis
716 1483 924 1540 exsultationis
937 1483 1022 1540 nobis
1035 1483 1228 1553 accumulent,
1239 1489 1270 1540 et
1283 1484 1419 1542 affectum

220 1568 355 1620 nostrum
382 1564 419 1621 ad
442 1565 497 1622 hoc
521 1563 707 1622 salutiferum
726 1583 834 1621 nomen
856 1564 971 1640 jugiter
996 1564 1226 1640 imprimendum
1249 1566 1417 1636 accendant,

221 1650 251 1701 et
278 1645 316 1702 ad
338 1645 529 1721 jubilandum
555 1646 589 1702 in
614 1644 690 1702 Jesu
716 1644 862 1702 salvatore
888 1650 989 1702 nostro
1016 1645 1191 1718 dulcissimo,
1220 1650 1285 1702 tota
1311 1646 1418 1704 mentis

220 1725 386 1784 attentione
399 1731 598 1802 promoveant.
641 1725 700 1784 Per
713 1726 846 1783 eundem
949 1765 952 1769 ·

282 1818 353 1901 [Per
366 1832 441 1880 totas
455 1822 576 1881 Octavus
589 1822 699 1880 dicitur
718 1823 815 1880 Missa
829 1822 981 1897 predicto,
995 1821 1113 1897 quando
1133 1824 1168 1880 de
1183 1821 1299 1881 Oetacis
1312 1823 1417 1897 opiter,

220 1903 270 1960 sed
296 1903 359 1961 aine
386 1902 487 1962 Credo.
529 1902 686 1978 Sequentia
714 1922 770 1979 per
795 1902 924 1974 Oetaeos,
944 1902 1034 1961 Jesus
1064 1903 1187 1981 pulcher
1209 1903 1242 1960 in
1264 1903 1419 1975 decore.—

222 1981 287 2042 us.
304 1980 351 2065 a]

585 2140 626 2198 Is
647 2139 747 2198 Fnsro
769 2139 903 2198 Oescus
923 2139 1053 2198 Douuu.

284 2221 425 2295 Officium.

282 2301 469 2360 Gaudeamus
486 2320 588 2360 omnes
609 2301 644 2358 in
664 2301 802 2374 Domino,
819 2301 898 2359 diem
911 2301 1020 2359 festum
1041 2300 1220 2358 celebrantes
1240 2300 1298 2358 sub
1311 2301 1418 2358 honore

221 2400 334 2439 coronae
358 2382 501 2441 Domini:
522 2383 558 2441 de
585 2383 670 2458 cujus
693 2382 892 2440 sollemnitate
919 2382 1049 2460 gaudent
1076 2381 1174 2458 angeli
1197 2387 1228 2438 et
1252 2379 1419 2440 collaudant

223 2461 334 2519 Filium
348 2462 414 2522 Dei

281 2554 436 2775 Shhbdneiii
434 2636 531 2714 angeli
550 2643 581 2694 et
601 2637 754 2698 exsultant
773 2636 961 2714 archangeli:
982 2636 1123 2694 laetantur
1135 2639 1167 2693 et
1179 2635 1421 2712 congratulantur

221 2734 321 2774 omnes
334 2736 404 2775 sanc

284 2808 392 2867 Oratrb.

281 2889 403 2959 Praesta,
418 2908 595 2965 quesumus,
609 2889 794 2965 omnipotens
808 2889 899 2961 Deus,
914 2895 950 2946 ut
969 2889 1022 2965 qui
1042 2891 1075 2947 in
1091 2891 1262 2948 memoriam
1276 2892 1420 2968 passionis

223 2969 347 3027 Domini
359 2970 456 3027 nostri
468 2969 490 3028 J
491 2989 542 3027 esu
556 2970 668 3028 Christi
688 2989 824 3027 coronam
844 2970 908 3046 ejus
928 2969 1060 3046 spineam
1079 2991 1255 3030 veneramur
1267 2973 1301 3029 in
1315 2972 1402 3030 terris
1414 2991 1420 3042 3

176 3072 179 3078 ·
222 3052 260 3110 ab
273 3051 337 3128 ipso
350 3050 444 3128 gloria
456 3057 487 3108 et
499 3051 608 3108 honore
622 3051 756 3108 coronari
769 3051 978 3110 mereamurin
991 3052 1076 3110 calis
1120 3053 1180 3122 Qui
1192 3059 1299 3110 tecum.

282 3148 379 3208 Lectio
393 3149 461 3208 libri
473 3147 631 3226 Sapientiae
644 3146 822 3226 (Canthum
835 3146 1032 3221 Ooaticoreua,
1047 3150 1092 3208 a'e'i.
1110 3151 1189 3221 7-11,
1204 3151 1240 3208 io.
1259 3151 1285 3223 l,
1302 3150 1353 3225 8).

284 3229 441 3289 Lectulum
465 3230 629 3289 Salomonis
650 3230 805 3307 sexaginta
818 3229 908 3288 fortes
921 3231 1057 3287 ambiunt
1077 3249 1115 3288 ex
1127 3231 1296 3289 fortissimis
1309 3231 1419 3289 Israel:

225 3331 326 3370 omnes
347 3317 483 3370 tenentes
506 3311 627 3388 gladios,
650 3317 681 3369 et
707 3312 745 3369 ad
758 3311 836 3369 bella
849 3311 1018 3369 doctissimi.
1074 3311 1319 3389 Uniusoujusque
1345 3312 1421 3370 ensis

223 3413 311 3469 super
323 3392 420 3450 femur
433 3412 520 3450 suum
540 3399 660 3469 propter
679 3392 799 3450 timores
819 3399 985 3451 nocturnos.
1029 3392 1186 3450 Ferculum
1207 3392 1277 3450 fecit
1298 3393 1356 3450 sibi
1368 3412 1420 3450 rex

224 3474 363 3533 Salomon
376 3474 413 3531 de
426 3473 516 3551 lignis
529 3472 644 3531 Libani.
688 3472 846 3531 Columnas
859 3475 923 3549 ejus
943 3473 1014 3531 fecit
1026 3479 1187 3549 argenteas,
1201 3473 1421 3532 reclinatorium

224 3574 356 3627 aureum,
371 3573 522 3612 ascensum
542 3573 742 3630 purpureum:
764 3554 861 3611 media
881 3554 1003 3612 caritate
1024 3554 1187 3612 constravit
1207 3560 1328 3631 propter
1346 3554 1422 3612 filias

224 3635 420 3694 Hierusalem
464 3634 651 3712 Egredimini
676 3634 746 3691 filiae
771 3633 850 3704 Sion,
876 3640 908 3691 et
933 3634 1033 3692 videte
1057 3654 1156 3711 regem
1181 3635 1368 3692 Salomonem
1390 3635 1422 3692 in

223 3717 388 3774 diademate
401 3734 461 3791 quo
474 3714 626 3773 coronavit
639 3734 706 3772 eum
720 3720 816 3771 mater
828 3734 881 3772 sua
895 3715 988 3773 indie
1006 3715 1239 3792 desponsationis
1251 3714 1334 3772 illius
1347 3720 1379 3774 et
1391 3715 1421 3773 in

224 3797 271 3855 die
286 3796 397 3854 laetitiae
409 3796 505 3854 cordis
517 3797 588 3872 ejus.
632 3795 729 3864 Quam
744 3794 866 3871 pulchra
879 3815 919 3867 es,
933 3795 1027 3853 amica
1040 3815 1113 3867 mea,
1130 3815 1219 3874 quam
1238 3795 1363 3872 pulchra
1382 3815 1419 3853 es.

225 3877 313 3936 Oculi
322 3876 369 3935 tui
381 3877 582 3935 columbarum
592 3876 702 3951 absque
712 3895 747 3933 eo
757 3875 836 3952 quod
846 3876 1023 3935 intrinsecus
1035 3876 1116 3935 latet.
1160 3875 1241 3934 Veni
1250 3876 1288 3935 de
1298 3876 1421 3947 libano,

223 3976 329 4035 sponsa
342 3976 425 4030 mea;
439 3957 510 4015 veni
523 3957 559 4014 de
573 3957 706 4028 Liban03
727 3956 796 4014 veni
809 3957 998 4015 coronaberis.

283 4037 432 4114 Alleluya
481 4037 510 4097 V.
533 4037 628 4095 Tuam
641 4056 778 4096 coronam
799 4037 961 4109 adoramus,
981 4037 1129 4097 Domine:
1154 4043 1240 4096 tuum
1262 4037 1422 4117 gloriosum

222 4118 379 4178 recolimus
391 4117 583 4196 triumphum.

284 4198 433 4276 Alleluya
490 4199 519 4260 V.
542 4199 687 4259 Diadema
699 4198 836 4276 spineum

588 4278 774 4338 Veneremur
790 4280 877 4340 hodie
892 4303 898 4340 :

546 4362 638 4437 Cujus
652 4381 704 4438 per
717 4362 851 4420 aculeum

586 4443 705 4501 Sertum
718 4443 808 4501 datur
820 4443 928 4522 gloriae.
