2946 5002
547 305 644 371 Festa
657 306 775 372 Juati.

122 473 321 550 anuqcb‘um.
364 473 457 531 Facta
470 477 516 530 est
528 473 688 531 contentio.

124 555 224 614 Credo.

123 635 315 710 Offmorium.
359 635 439 693 Mihi
453 642 552 694 autem
567 635 664 693 nimis.

122 717 242 776 Sacrata.

120 797 287 856 Oblationis
313 803 422 855 nostrae
449 816 559 855 munus
585 805 646 870 tua,
669 797 809 868 Domine,
831 804 862 855 et
888 798 1044 857 benedicat
1065 807 1096 857 et
1120 801 1262 877 suscipiat

10 886 12 895 '
68 877 187 946 (lexmea,
203 885 234 936 et
247 879 435 955 supplicante
448 884 551 936 sancto
564 878 702 936 Bernaba
715 879 848 955 apostolo
861 880 1043 955 acceptabile
1056 880 1261 940 holocaustum

69 978 114 1016 nos
125 959 183 1016 tibi
196 965 350 1036 praeparet.
395 959 460 1018 Per.

16 1065 20 1079 ·
121 1039 303 1098 Omnmuoio.
345 1043 455 1114 Amen,
471 1041 546 1121 dico.

119 1120 363 1180 Postcommuuio.

120 1201 206 1270 Quod
227 1203 264 1260 de
284 1202 374 1259 altari
393 1207 455 1274 tuo,
472 1202 609 1274 Domine,
627 1202 807 1277 sumpsimus
827 1221 942 1279 semper
962 1202 1049 1261 nobis
1069 1203 1212 1280 proficiat,
1229 1211 1259 1262 et

65 1283 244 1360 supplicante
257 1289 359 1341 sancto
372 1283 512 1341 Barnaba
526 1283 670 1359 apostolo,
684 1290 754 1340 ante
770 1283 912 1341 thronum
932 1283 1032 1361 gloriae
1053 1291 1113 1342 tuae
1133 1285 1261 1362 gaudere

65 1363 222 1422 nosfaciat.
267 1363 327 1422 Per
340 1363 512 1422 Dominum.

107 1581 293 1657 Saucronon
314 1615 487 1657 murnum
508 1598 676 1668 Bssmrnrs,
699 1598 820 1668 Culum,
843 1599 986 1657 Nasonis
1007 1617 1045 1658 nr
1066 1600 1212 1659 Nizsnrr.

531 1696 623 1771 (Prid.
641 1697 686 1753 Id.
702 1696 790 1772 Jun.)

118 1837 258 1912 Officium.
301 1836 402 1893 Intret
415 1834 448 1891 in
461 1841 626 1910 conspectu.

115 1920 292 2057 gidiidrum
311 2002 478 2074 martyrum
497 2002 627 2067 tuorum,
644 1994 793 2066 Basilidis,
810 1994 914 2066 Oirini,
930 1995 962 2051 N
962 1997 1060 2053 aboris
1075 2002 1106 2052 et
1126 1996 1159 2053 N
1159 1998 1258 2070 azarii,

60 2099 232 2156 quaesumus,
248 2079 386 2150 Domine,
400 2078 538 2135 natalitia
551 2078 654 2134 votiva
666 2075 889 2152 resplendeant:
915 2082 946 2133 et
959 2077 1037 2153 quod
1056 2076 1116 2134 illis
1129 2079 1259 2135 contulit

59 2161 231 2255 excellentia
243 2160 423 2236 sempiterna
435 2160 581 2216 fiuctibus
595 2164 703 2214 nostrae
717 2157 884 2214 devotionis
894 2164 1045 2218 accrescat.
1089 2157 1155 2215 Per.

114 2242 294 2380 &debibus
313 2321 395 2379 Deus
416 2328 447 2378 et
469 2320 560 2378 Pater
577 2319 700 2377 Domini
721 2319 830 2376 nostris
848 2319 871 2377 J
872 2338 923 2377 esu
942 2319 1063 2392 Christi,
1086 2319 1138 2396 qui
1158 2340 1258 2378 secun-

59 2405 125 2462 dum
145 2423 291 2480 magnam.

115 2483 251 2543 Gradale.
294 2482 432 2540 Vindice.

113 2566 263 2641 Alleluya.
312 2564 341 2621 V.
365 2562 522 2620 Mirabilis.

113 2645 315 2721 Evanpelium.
357 2644 519 2701 Attendite
532 2664 550 2700 a
563 2643 717 2701 fermento.

114 2727 308 2803 Offertoricm.
353 2725 564 2782 Exsultabunt.

112 2820 377 2960 {idatianctorum
410 2904 539 2969 tuorum,
576 2896 725 2969 Basilidis,
757 2896 862 2967 Cirini,
894 2897 1024 2956 Naboris
1062 2905 1093 2955 et
1133 2897 1256 2956 Nazarii

53 2985 194 3061 sanguine
211 2983 277 3039 fuso
295 2981 461 3037 venerando
479 2980 591 3037 hostias
611 2978 677 3051 tibi,
697 2978 835 3048 Domine,
855 2977 1037 3036 sollemniter
1057 2979 1254 3052 immolamus,

54 3071 106 3122 tua
118 3063 268 3122 mirabilia
280 3066 503 3137 pertractantes,
519 3080 572 3136 per
585 3079 673 3136 quem
686 3059 755 3117 talis
769 3065 815 3116 est
828 3059 957 3134 perfecta
972 3060 1102 3118 victoria.
1145 3059 1211 3119 Per.

113 3155 296 3216 Communia.
339 3153 515 3211 Posuerunt.

111 3234 354 3296 Posaommonto.

78 3347 82 3355 ·
111 3319 245 3393 Sumptis
258 3314 416 3391 mysteriis,
431 3314 568 3386 Domine,
589 3321 755 3371 sanctorum
775 3317 940 3387 martyrum
961 3319 1081 3372 tuorum
1103 3314 1252 3384 Basilidis,

52 3401 154 3472 cirini,
169 3398 300 3456 Naboris
321 3401 351 3453 et
370 3394 491 3452 Nazarii
509 3395 663 3452 sollemnia
684 3394 872 3465 celebrantes,
894 3401 1009 3470 praesta,
1025 3414 1202 3471 quaesumus,
1217 3400 1254 3452 ut

51 3501 151 3540 eorum
164 3477 330 3557 patrocinia
339 3477 453 3552 jugiter
466 3477 636 3534 sentiamus.
680 3475 745 3533 Per.

129 3716 242 3773 Ssucrr
263 3713 393 3782 Basrnu,
415 3724 551 3766 nrrscom
572 3723 610 3764 ar
629 3720 837 3765 consessurus.
882 3704 979 3784 (xviii.
1000 3704 1070 3764 Kal
1090 3704 1168 3783 Jul.)

111 3860 251 3935 Officium
296 3856 417 3914 Statuit.

111 3942 218 4001 Oratio.
263 3939 319 4007 Da,
334 3954 510 4013 quaesumus.

109 4021 249 4098 Epistol.
293 4019 368 4076 Ecce
382 4016 522 4075 sacerdos.

110 4101 244 4161 Gradalc.
287 4098 417 4157 duravit.

107 4183 257 4258 Alleluya.
305 4181 333 4238 V.
357 4181 465 4238 Justus
485 4174 664 4253 germinabit

108 4263 308 4338 Euoapclc'um.
353 4261 454 4318 Homo
469 4255 590 4333 quidam
603 4272 730 4331 peregre.

109 4344 303 4419 Offlrtorium.
346 4341 476 4398 Veritas.

109 4425 290 4486 Communia.
333 4421 444 4479 Fidelis
464 4434 573 4476 servus.
