2946 5002
720 354 837 422 Prosae.

427 517 536 575 Vincla
549 538 652 595 rumpe
667 521 761 579 hostis
774 521 858 594 diraJ

427 597 540 657 Cuncta
553 600 655 675 procul
667 602 751 660 aufer
763 603 852 660 noxia
862 623 872 676 3

426 678 544 737 Mansio
558 687 593 737 ut
606 687 659 738 tua

426 759 503 816 Mite
516 780 568 837 per
580 767 714 838 tempora
742 830 744 835 y

425 839 529 898 (lordis
543 843 637 900 nostri
650 843 760 921 templo
774 844 837 903 fiat.

729 1045 828 1105 LXV.

321 1171 416 1230 Proca
428 1173 469 1230 ud
481 1171 637 1248 Sequentia
650 1173 790 1231 Adorabo
802 1173 906 1232 mirice.

324 1264 472 1341 Alleluya

261 1357 431 1417 Artemon
450 1374 563 1415 rusum
582 1357 780 1435 pulcherrima

262 1440 347 1498 Celsa
359 1438 505 1516 praeconia
546 1510 548 1514 Ι
727 1450 728 1454 ’

205 1532 208 1539 “
262 1521 380 1578 Christo
389 1518 522 1596 jubilent
534 1518 567 1576 in
580 1519 672 1577 aethre
684 1518 802 1577 assidua
813 1539 822 1592 ;

261 1601 322 1670 Qui
334 1600 448 1658 excelso
460 1619 515 1657 rex
527 1599 618 1676 pollet
631 1599 704 1657 solio
716 1606 839 1676 paterna
848 1599 882 1656 in
894 1599 1017 1657 dextera
1027 1621 1036 1673 3

261 1682 402 1739 Davitica
415 1700 502 1756 quem
515 1681 598 1756 virgo
613 1680 712 1738 Maria
723 1681 827 1757 genuit
841 1681 1023 1753 castissima,

260 1762 325 1821 Nos
338 1761 464 1838 supplici
476 1761 690 1818 conclamamus
703 1762 752 1818 cui
763 1760 858 1836 gloria

259 1841 406 1900 Melliflua
418 1843 546 1919 pretiosa
558 1841 645 1898 modo
659 1841 796 1902 carmina.

260 1923 377 1981 Christe
390 1942 443 1980 rex
456 1922 589 1980 rutilans.

259 2003 387 2081 Suscipe,
403 2003 467 2060 laus
480 2003 659 2079 angelorum,
673 2002 796 2061 laudum
809 2002 940 2060 carmina
953 2002 1028 2074 laeta,

259 2084 319 2143 Pro
332 2090 385 2141 tua
397 2083 540 2141 immensa
553 2084 650 2160 gratia

257 2165 356 2236 Prece,
372 2171 443 2222 voto
456 2164 590 2241 supplici,
604 2170 705 2222 nostra
717 2183 783 2239 quae
796 2162 895 2222 mittit
908 2170 1026 2222 caterva

256 2246 388 2403 giomdlia
400 2325 498 2402 patria
510 2325 574 2383 caeli
586 2325 699 2400 fulgida
711 2325 900 2383 descenderas
912 2345 984 2382 arva
996 2325 1034 2383 ad
1047 2325 1109 2384 haec
1122 2326 1232 2400 infima,

256 2407 304 2466 Ut
316 2427 371 2464 nos
384 2407 535 2482 sanguinis
547 2406 594 2463 tui
607 2407 703 2483 pretio
716 2405 869 2463 reduceres
881 2407 988 2482 gaudia
1001 2405 1038 2463 ad
1049 2426 1169 2482 superas,

257 2488 443 2565 Quapropter
455 2487 512 2544 tibi
525 2493 609 2564 grata
622 2506 682 2544 vox
695 2487 791 2544 omnis
804 2487 956 2545 dulcisona
969 2486 1019 2544 det
1033 2489 1154 2560 cantica,

257 2569 382 2646 Captiva
395 2568 448 2643 qui
460 2569 566 2625 saecula
578 2569 671 2626 crucis
684 2587 737 2645 per
749 2568 889 2643 mysteria
902 2567 1071 2626 redemeras.

256 2649 368 2708 Nostra
381 2668 497 2725 quoque
510 2668 589 2705 nunc
602 2655 673 2706 vota
685 2654 751 2706 tota
765 2647 871 2706 devota

255 2730 339 2788 Voce
351 2749 445 2807 prona
458 2736 615 2805 menteque
627 2749 702 2806 pura
715 2735 746 2786 et
759 2735 839 2786 casta

257 2810 391 2868 consona
403 2810 496 2886 gloria

256 2890 298 2948 Te
311 2890 498 2962 conlaudant,
514 2889 647 2961 adorant,
663 2895 764 2946 sancte
776 2909 838 2960 rex,
852 2888 885 2946 in
899 2889 954 2946 hac
967 2890 1035 2946 aula
1048 2911 1055 2949 ε

257 2972 323 3041 Qua
336 2990 390 3028 nos
402 2976 455 3026 tua
468 2971 538 3026 audi
551 2969 715 3041 clementia,

256 3052 378 3127 Nosque
390 3051 560 3122 corrobora3

254 3133 296 3190 Et
309 3133 386 3190 dona
398 3150 450 3207 per
463 3131 568 3191 saecula
581 3137 681 3189 sancta
691 3131 879 3189 tabernacula
891 3131 1060 3207 sidereaque
1069 3136 1170 3190 sancta
1179 3138 1210 3189 et
1222 3133 1351 3209 pulchra

254 3214 318 3272 Nos
331 3213 456 3270 feliciter
468 3212 605 3270 scandere
615 3218 681 3288 post
691 3219 816 3270 mortem
829 3218 931 3270 sancta
943 3213 1090 3269 virtutum
1103 3212 1194 3288 digna
1208 3232 1339 3273 corona:

254 3294 319 3353 Ubi
331 3313 419 3351 aurea
432 3300 462 3351 te
475 3295 594 3370 agmina
606 3299 848 3352 cunctacantant
860 3313 915 3370 per
927 3299 1078 3350 arvaeoea
1091 3300 1202 3351 aterna

251 3375 372 3452 Regem,
387 3375 471 3450 cujus
484 3375 568 3432 almae
581 3375 680 3451 gloriae
694 3394 818 3450 quaeque
831 3375 964 3432 serviunt
976 3393 1029 3450 per
1041 3375 1147 3432 saecula
1160 3373 1291 3446 condita,

252 3456 377 3526 Christe,
393 3474 458 3530 quae
471 3475 525 3512 rex
539 3475 639 3532 regum
653 3456 765 3531 inclyta
777 3456 921 3531 sapientia
933 3461 986 3512 tua
994 3456 1058 3531 jam
1071 3455 1282 3533 plasmaverat:

253 3536 309 3595 Oui
321 3536 415 3615 gloria
428 3537 468 3594 sit
478 3556 557 3594 nunc
570 3543 601 3593 et
613 3555 666 3613 per
678 3536 784 3594 saecula
797 3543 915 3594 aterna.

710 3728 827 3787 axvi.
914 3747 916 3752 ·
967 3691 969 3695 ’
1065 3681 1073 3748 ’·
1103 3745 1127 3754 --

593 3850 655 3929 (Dr
674 3847 950 3929 Rusunnncmour.)
1007 3826 1009 3837 Α

310 3972 407 4031 Prusa
419 3971 462 4030 ad
472 3969 628 4046 Sequentia
641 3969 741 4048 Berta.
754 4009 757 4013 -
814 4028 817 4032 ‚

312 4065 460 4142 Alleluya.

251 4160 342 4219 Aeon
362 4176 468 4218 suuua

251 4241 326 4299 Ecce
339 4240 422 4317 plebs
434 4258 524 4296 aurea
536 4236 662 4295 rutilans
675 4233 808 4313 gloriosa,

251 4322 335 4379 Stola
344 4323 514 4396 incorrupta
527 4318 651 4395 praedita
664 4324 695 4374 et
707 4335 814 4374 corona
827 4314 1013 4390 sempiterna,

251 4403 347 4472 Quam
368 4403 421 4459 lux
443 4402 587 4459 immensa
607 4399 709 4476 replet,
730 4396 809 4454 alma
829 4416 889 4474 pax
911 4401 941 4454 et
969 4393 1099 4472 perfecta
1120 4391 1232 4468 praebet
1255 4391 1363 4470 gaudia

330 4483 453 4541 infinita.
696 4506 752 4512 ··
895 4508 897 4512 ·
