2946 5002
134 334 197 425 lio
482 356 531 419 Im
544 353 668 420 Notati
682 354 791 420 maias
805 353 980 438 Martyris.

192 522 290 580 Lectio
304 522 441 599 Epistohe
455 523 529 579 hecti
543 521 636 578 Paott
649 520 779 597 Apostoli
788 545 798 579 .·
818 518 869 578 Ad
882 519 1020 595 Ephesios
1033 519 1070 597 (i
1089 518 1165 596 3-8)

193 602 329 660 Fratres:
351 602 527 659 Benedictus
541 603 623 661 Deus
636 608 667 658 et
682 603 771 659 Pater
785 601 909 659 Domini
928 601 1023 657 nostri
1043 599 1065 657 J
1066 619 1117 657 esu
1139 598 1264 670 Christi,
1278 597 1329 673 qui

132 684 286 742 benedixit
316 703 370 740 nos
397 703 487 757 mque
514 684 554 740 ad
588 702 652 759 quse
679 682 928 758 superabundavit
954 682 987 738 in
1014 681 1106 753 nobis,
1137 679 1197 736 Per
1224 678 1329 736 Jesum

134 765 285 824 Christum
300 763 464 820 Dominum
476 771 620 820 nostrum.

194 845 243 901 Ac
260 844 439 902 Timotheum
457 843 494 921 (2
508 845 540 901 ii.
558 845 627 901 410
637 863 646 915 3
666 843 710 900 iii.
728 843 844 920 10-12).

196 925 358 992 Carissime‚
374 925 470 982 Nemo
484 925 617 982 militans
637 925 702 981 Deo
722 924 855 999 implicat
875 942 906 981 se
926 922 1051 999 negotiis
1068 919 1276 979 soecularibus:
1296 925 1330 976 ut

132 1006 162 1064 11
174 1006 288 1081 placeat
301 1005 350 1062 oui
362 1025 393 1062 se
407 1004 550 1080 probavit.
593 1005 673 1061 Nam
687 1009 717 1061 et
730 1005 784 1081 qui
796 1010 890 1061 certat
902 1003 935 1060 iu
949 1022 1048 1079 agone,
1059 1021 1119 1060 non
1128 1000 1327 1072 coronabitur,

134 1086 193 1148 nisi
218 1087 349 1162 legitime
376 1086 540 1143 certaverit.
583 1085 782 1142 Laborantem
809 1085 965 1161 agricolam
992 1089 1108 1159 oportet
1135 1081 1268 1158 primum
1295 1081 1330 1138 de

134 1166 279 1225 sumtibus
300 1166 455 1242 percipere.
499 1165 638 1242 Intellige
657 1185 722 1242 quae
738 1166 821 1223 dico:
842 1165 925 1223 dabit
942 1164 1022 1222 enim
1050 1163 1108 1221 tibi
1129 1162 1280 1219 Dominus
1298 1161 1330 1218 in

134 1248 271 1304 omnibus
284 1246 474 1304 intellectum.
507 1247 635 1321 ¹Memor
651 1253 714 1303 esto
734 1247 827 1322 igitur
839 1245 861 1303 J
862 1264 944 1303 esum
964 1245 1116 1303 Christum
1135 1243 1329 1300 resurrexisse

99 1343 101 1354 ’
134 1347 152 1386 a
164 1328 290 1385 mortuis
304 1347 342 1384 ex
356 1328 466 1384 semine
480 1327 587 1399 David,
604 1327 763 1384 secundum
780 1326 965 1404 evangelium
979 1345 1086 1395 meum,
1101 1325 1206 1400 inquo
1227 1323 1327 1380 laboro

134 1427 228 1484 usque
242 1407 279 1464 ad
290 1407 407 1465 vincula
417 1407 502 1483 quasi
515 1408 590 1464 male
603 1427 744 1483 operans:
763 1406 814 1464 sed
824 1408 948 1464 verbum
962 1405 1020 1463 Dei
1032 1424 1093 1463 non
1107 1410 1151 1462 est
1165 1404 1326 1481 alligatum.

134 1488 208 1549 Ideo
230 1489 328 1545 omnia
350 1488 479 1545 sustineo
503 1493 623 1565 propter
645 1488 809 1559 electos‚ut
829 1493 859 1544 11
880 1488 938 1563 ipsi
958 1487 1084 1544 salutem
1101 1490 1328 1561 consequantur,

135 1588 201 1647 quae
222 1569 319 1626 estin
344 1568 461 1626 Christo
481 1568 564 1641 Jesu,
584 1588 651 1626 cum
677 1569 770 1645 gloria
790 1568 906 1625 caelesti.
949 1567 994 1624 Tu
1014 1573 1113 1624 autem
1134 1571 1285 1623 assecutus
1298 1584 1328 1622 es

134 1668 230 1707 meam
257 1649 428 1720 doctrinam,
457 1649 684 1721 institutionem,
712 1649 904 1725 propositum,
937 1648 1033 1719 fidem,
1061 1647 1327 1721 longanimitatem,

132 1730 327 1799 dilectionem,
342 1730 525 1806 patientiam,
541 1731 762 1805 persecutiones,
778 1729 942 1806 passiones:
963 1728 1063 1804 qualia
1074 1727 1150 1784 mihi
1163 1726 1242 1784 facta
1261 1731 1330 1783 sunt

133 1810 312 1883 Antiochiae,
342 1811 438 1868 Iconii
464 1818 494 1869 et
520 1810 657 1886 Lystris:
691 1810 792 1886 quales
818 1809 1034 1885 persecutiones
1065 1808 1200 1875 sustinui,
1231 1814 1262 1865 et
1293 1826 1330 1864 ex

133 1892 269 1949 omnibus
296 1891 406 1968 eripuit
432 1912 480 1949 me
503 1892 657 1950 Dominus.
708 1892 749 1948 Et
769 1907 878 1960 omnes,
902 1889 955 1966 qui
974 1890 1022 1966 pie
1045 1889 1151 1946 volunt
1174 1888 1278 1946 vivere
1297 1888 1329 1944 in

134 1971 254 2033 Christo
267 1972 289 2029 J
291 1991 350 2043 esu,
364 1973 597 2048 persecutionem
609 1972 769 2048 patientur.

194 2052 244 2110 Ad
259 2053 440 2110 Timotheum
453 2053 489 2128 (2
504 2054 540 2110 io.
559 2052 633 2130 1-8).

195 2132 369 2190 Carissimo:
390 2133 541 2190 Testiticor
554 2153 649 2191 coram
665 2133 730 2190 Deo
743 2138 774 2190 et
787 2131 809 2189 J
811 2152 862 2190 esu
876 2131 1002 2202 Christo,
1017 2130 1070 2207 qui
1082 2130 1272 2206 judicaturus
1285 2134 1330 2186 est

132 2213 217 2272 rivos
231 2220 261 2271 et
275 2223 405 2271 mortuos
418 2234 508 2289 coque
521 2213 563 2271 od
574 2233 635 2270 non
648 2214 744 2271 solum
766 2219 866 2270 autern
879 2212 963 2286 mihi,
974 2211 1025 2269 sed
1039 2217 1069 2268 et
1082 2211 1128 2268 his
1138 2210 1191 2287 qui
1201 2210 1330 2286 diligunt

136 2295 298 2355 adventurn
313 2295 384 2353 e‘us.

194 2375 289 2432 Lecti>
302 2315 436 2449 Thesteia
449 2374 523 2432 hecti
535 2374 628 2432 Pauli
641 2373 789 2449 Apostoli:
809 2372 859 2430 Ad
874 2372 1055 2430 Timotheum
1070 2372 1107 2449 (2
1121 2372 1158 2430 io.
1177 2370 1292 2447 17-18).

196 2455 368 2512 Carissime:
397 2456 544 2512 Dominus
567 2454 642 2511 mihi
668 2454 766 2512 astitit
793 2475 883 2529 mque
906 2456 947 2512 aot
974 2454 1022 2511 cui
1047 2453 1142 2530 gloria
1165 2451 1199 2508 in
1222 2451 1327 2510 saecula

134 2536 315 2597 ‚seculorum
359 2536 467 2593 Amen.

195 2615 245 2673 Ac
260 2617 441 2675 Timotheum
454 2616 491 2692 (2
505 2617 537 2675 ii.
554 2616 650 2693 8-10)

196 2697 314 2754 Memor
326 2703 389 2754 esto
402 2697 424 2755 J
425 2716 505 2754 esum
522 2697 673 2754 Christum
686 2715 777 2771 arque
790 2697 830 2752 od
845 2714 912 2753 oum
925 2695 1019 2772 gloria
1032 2693 1147 2752 caelesti.

196 2775 246 2833 Ad
260 2777 394 2835 chraeos
407 2776 487 2852 (xiii.
505 2776 598 2854 9-16).

195 2856 332 2914 Fratres:
367 2857 517 2914 Doctrinis
544 2856 634 2914 variis
661 2863 692 2914 et
718 2856 879 2933 peregrinis
905 2855 999 2915 nolite
1026 2855 1133 2913 abduci
1165 2875 1257 2930 mque
1291 2853 1331 2912 ad

133 2937 258 2997 'Talibus
272 2937 352 2994 enim
364 2938 468 2994 hostiis
482 2942 666 3013 promeretur
679 2937 769 2995 Deus.

200 3016 334 3076 Gratidio.

197 3097 336 3168 Posuisti,
352 3098 488 3171 Domine,
503 3118 591 3175 super
604 3104 692 3175 caput
706 3100 770 3174 ejus
783 3117 921 3156 coronam
934 3097 970 3156 de
990 3097 1088 3174 lapide
1100 3096 1237 3174 pretioso.

142 3179 172 3238 V.
197 3179 385 3236 Desiderium
397 3179 503 3237 animae
517 3180 580 3255 ejus
594 3180 727 3238 tribuisti
739 3179 784 3239 ei:
805 3186 836 3237 11
848 3179 1004 3237 voluntate
1021 3178 1168 3237 labiorum
1188 3179 1253 3254 ejus
1272 3194 1333 3234 non

136 3259 371 3329 fraudastieum.

202 3340 335 3399 01111111.

197 3421 308 3479 Beatus
321 3421 376 3494 vir,
392 3420 444 3497 qui
457 3421 544 3480 timet
558 3422 740 3482 Dominum:
761 3422 794 3479 in
807 3421 955 3479 mandatis
968 3420 1032 3496 ejus
1045 3420 1128 3496 cupit
1141 3420 1239 3478 nimis.

141 3500 174 3564 V.
200 3502 311 3559 Potens
324 3502 357 3559 in
369 3508 450 3559 terra
463 3503 520 3560 erit
534 3522 633 3560 semen
646 3505 728 3579 ejus:
748 3503 898 3581 generatio
911 3507 1059 3560 rectorum
1072 3501 1270 3561 benedicetur.

200 3582 335 3640 Crudele.

195 3663 218 3721 J
219 3670 304 3721 ustus
317 3681 377 3721 non
391 3662 633 3720 conturbabitur:
654 3664 724 3740 quia
737 3663 886 3722 Dominus
898 3663 997 3721 firmat
1010 3681 1131 3721 manum
1145 3662 1216 3738 ejus

54 3814 57 3817 ,
142 3741 173 3804 V.
200 3744 277 3801 Tota
289 3742 337 3802 die
350 3743 505 3801 miseretur
518 3749 549 3800 et
562 3744 744 3802 commodat:
766 3749 796 3802 et
809 3763 908 3802 semen
922 3744 985 3820 ejus
1002 3744 1035 3801 in
1048 3742 1252 3801 benedictione
1265 3742 1330 3802 erit.

201 3823 334 3883 Credite.

196 3904 303 3962 Justus
326 3912 361 3963 ut
382 3905 481 3983 palma
503 3905 638 3964 florebit:
667 3904 744 3963 siout
768 3905 871 3963 cedrus
894 3903 1003 3962 Libani
1029 3903 1278 3981 multiplicabitur
1300 3904 1332 3961 in

135 3984 225 4042 domo
241 3986 305 4042 Dei

142 4064 172 4131 V.
199 4065 250 4122 Ad
271 4067 510 4125 annuntiandum
533 4086 619 4125 mane
640 4067 869 4124 misericordiam
889 4071 995 4125 tuam:
1018 4071 1049 4124 et
1070 4065 1227 4124 veritatem
1248 4071 1333 4125 tuam

138 4152 327 4226 pernoctem.

198 4226 348 4303 Alleluya.
397 4227 427 4287 V.
458 4229 624 4287 Laetabitur
641 4229 741 4304 justus
762 4228 795 4286 in
816 4228 954 4302 Domino,
969 4233 1000 4285 et
1021 4225 1151 4304 sperabit
1171 4227 1204 4285 in
1226 4246 1279 4286 eo:
1304 4231 1333 4285 et

137 4305 338 4370 laudabimtur
351 4328 449 4366 omnes
462 4311 536 4367 recti
550 4309 643 4367 corde.
1031 4306 1034 4312 ⁴

199 4388 345 4465 Alleluya.
394 4389 422 4450 V.
445 4390 584 4465 Posuisti,
599 4388 736 4463 Domine,
751 4409 838 4469 super
850 4395 939 4469 capnt
951 4389 1015 4466 ejus
1030 4407 1167 4447 coronam
1180 4389 1217 4447 de
1236 4389 1333 4467 lapide

140 4468 279 4550 pretioso.
