2946 5002
195 1100 241 1159 De
253 1099 440 1178 comedistis.

526 383 712 472 Sequentia
736 383 947 453 Cornacates.

481 551 553 611 Non
567 557 613 610 est
626 551 731 610 domus
744 551 862 609 ruitura

485 632 555 691 Hac
567 633 696 691 subnixa
710 633 900 709 quadratura,

522 713 599 772 Hoec
612 720 657 772 est
670 714 774 772 domus
788 712 921 775 Domini.

483 794 653 852 Gloriemur
666 795 699 851 in
712 795 767 851 hac
781 794 868 852 domo

484 876 550 946 Qua
563 876 649 934 beate
663 876 741 933 vivit
754 875 842 933 homo

524 957 589 1015 Deo
598 957 724 1032 junctus
738 956 861 1015 homini.

483 1101 648 1176 Sequentia.

485 1200 508 1259 J
509 1200 664 1273 oormdare,
680 1199 762 1277 plebs
775 1199 881 1274 fidelis,

486 1280 580 1356 (injus
594 1281 686 1338 Pater
699 1287 744 1339 est
759 1282 791 1338 in
803 1281 892 1354 caelis,

486 1361 631 1418 Recolens
645 1361 806 1419 Ezechielis

527 1441 684 1519 Prophetae
697 1442 851 1519 praeconia.

486 1540 542 1598 nst
555 1539 578 1598 J
578 1538 709 1597 ohannes
722 1540 808 1598 testis
821 1540 880 1617 ipsi

486 1621 598 1679 Dicens
611 1621 645 1679 in
658 1621 848 1698 Apocalypsi,
891 1660 894 1665 «

485 1701 566 1760 Vere
579 1701 652 1774 vidi,
666 1721 736 1761 vere
750 1702 854 1780 scripsi

526 1782 610 1841 Vera
623 1783 803 1842 testimonia.

485 1877 570 1938 Ante
584 1879 728 1938 thronum
741 1880 906 1956 majestatis
985 1884 988 1892 ‘

487 1961 566 2019 Oum-
578 1961 732 2038 spiritibus
744 1961 839 2018 beatis

487 2042 637 2112 Quattuor
651 2042 833 2099 diversitatis

526 2122 661 2180 Adstant
674 2122 821 2182 animalia

486 2217 626 2296 Formam
640 2218 769 2294 primum
782 2217 959 2296 aquilinam,

486 2299 529 2356 Et
542 2299 703 2357 secundum
717 2299 876 2371 leoninam,

487 2379 546 2439 Sed
559 2381 720 2441 humanam
734 2386 765 2439 et
778 2382 920 2439 bovinam

451 2537 456 2548 ‚
527 2462 597 2520 Duo
610 2468 720 2540 gerunt
733 2461 799 2520 alia

486 2558 602 2618 Formae
616 2560 749 2618 formant
761 2560 923 2637 figurarum

486 2641 610 2699 Formas
624 2641 891 2718 Evangelistarum,

488 2721 604 2791 Quibus
617 2722 711 2780 imber
725 2723 926 2780 doctrinarum

528 2800 630 2859 Stillat
643 2802 676 2858 in
690 2802 828 2860 Ecclesia.

487 2896 534 2956 Hi
547 2903 618 2956 sunt
632 2897 752 2956 Marcus
766 2906 797 2957 et
811 2897 986 2972 Matthaeus,

487 2977 592 3051 Lucas,
608 2986 639 3037 et
652 2999 739 3056 quem
754 2980 914 3038 Zebedaeus

488 3059 580 3119 Pater
594 3060 678 3118 misit
690 3060 757 3133 tibi,
775 3061 865 3134 Deus,

528 3141 610 3199 Dum
624 3141 740 3200 laxaret
752 3142 835 3200 retia.

486 3238 595 3295 Forma
608 3237 666 3295 viri
680 3239 754 3296 dant
767 3237 923 3311 Matthaeo,

488 3318 566 3387 Quia
579 3319 697 3396 scripsit
710 3320 751 3377 sio
765 3320 802 3377 de
816 3319 890 3392 Deo,
1011 3346 1013 3351 ·

487 3399 572 3458 Siout
585 3399 735 3458 descendit
748 3401 786 3458 ab
799 3420 841 3472 eo,

529 3481 624 3551 Quem
637 3481 803 3558 plasmavit,
818 3481 947 3541 homine.

487 3577 584 3635 Lucas
598 3579 650 3636 bos
663 3585 709 3636 est
722 3579 755 3635 in
768 3579 871 3655 figura,

488 3658 586 3727 Quam
599 3659 760 3735 pretendit
773 3660 805 3716 in
821 3660 969 3736 scriptura

487 3739 667 3797 Hostiarum
680 3745 805 3815 tangens
814 3739 885 3815 jura

528 3819 616 3898 Legis
629 3820 684 3877 sub
698 3819 853 3892 velamine.

488 3916 609 3976 Marcus
622 3917 668 3976 leo
681 3937 735 3995 per
748 3917 899 3978 desertum

488 3998 627 4058 olamans
640 3999 721 4076 rugit
734 3998 768 4055 in
783 4005 927 4076 apertum,

488 4079 554 4138 Iter
566 4079 621 4136 fiat
633 4079 698 4137 Deo
712 4085 835 4153 certum,

528 4159 678 4218 Mundum
691 4179 772 4218 cora
785 4161 917 4220 crimine.

488 4256 545 4317 Sed
559 4257 581 4316 J
582 4258 712 4317 ohannes
726 4258 773 4316 ula
785 4258 857 4318 bina

489 4338 630 4398 Caritatis
643 4338 777 4414 aquilina

487 4420 597 4478 Forma
609 4419 706 4477 fertur
718 4419 751 4477 in
764 4420 867 4480 divina

528 4499 649 4560 Puriori
661 4498 782 4561 lumine.
