2946 5002
534 322 708 390 Orationes
731 323 938 388 Contemnes.
1271 324 1334 391 173

136 509 187 568 pro
200 489 311 548 famulo
325 495 378 548 tuo
393 490 444 562 N,
458 510 512 567 pro
529 510 589 566 quo
606 488 812 548 misericordiae
832 495 892 547 tuae
913 489 1104 565 imploramus
1124 489 1278 560 auxilium,
1300 495 1335 545 ut

136 571 318 711 iiiffiffli
329 571 466 644 sanitate,
478 571 642 647 gratiarum
651 571 709 629 tibi
722 571 755 627 in
768 571 899 628 Ecclesia
909 576 962 628 tua
970 570 1079 627 referat
1092 570 1244 627 actionem.
1278 569 1338 626 Per

192 749 289 807 Lectio
301 749 441 825 Epistola
455 747 530 807 beati
543 745 646 810 Jacobs·
659 748 792 824 Apostoli
805 748 848 825 (a.
866 747 980 824 13-16)

182 829 347 968 silwim
357 850 363 887 :
383 829 415 887 Si
428 829 567 888 tristatur
574 829 682 906 aliquis
692 835 826 887 vestrum
839 849 928 904 usque
942 829 983 886 od
996 833 1027 886 et
1040 834 1121 886 orate
1131 847 1185 904 pro
1199 827 1337 900 iniicem,

137 917 170 969 ut
227 911 346 968 vemini.

197 1005 332 1064 Grodok.

195 1086 338 1144 Miserere
352 1087 435 1160 mihi,
450 1086 586 1158 Domine,
603 1087 743 1162 quoniam
756 1086 892 1144 infirmus
906 1107 972 1144 sum
985 1107 991 1144 :
1013 1106 1083 1144 sana
1096 1105 1152 1158 me,
1168 1085 1304 1143 Domine.

144 1167 171 1227 V.
198 1167 347 1237 Quoniam
360 1168 536 1225 conturbate
548 1175 619 1225 sunt
633 1168 733 1224 omnia
744 1188 808 1225 osse
821 1187 903 1224 mea:
925 1174 956 1225 et
969 1168 1068 1225 anime
1083 1187 1147 1225 mea
1160 1167 1280 1223 turbata
1294 1171 1339 1223 est

141 1248 232 1305 valde.

195 1328 344 1406 Alleluya
393 1328 422 1386 V.
457 1329 517 1398 Qui
544 1335 630 1407 sanat
657 1328 798 1387 contritos
826 1328 929 1386 corde:
959 1335 989 1385 et
1016 1327 1120 1404 alligat
1147 1327 1341 1385 contritiones

141 1427 246 1468 eorum

162 1507 165 1513 ’
196 1506 365 1566 Secundam
378 1506 493 1566 Lucam
506 1507 574 1584 (oti.
592 1506 686 1584 1-10).

195 1589 234 1646 In
244 1588 297 1645 illo
307 1594 447 1665 tempore,
459 1588 591 1646 Intravit
601 1589 623 1646 J
624 1608 690 1646 esus
702 1587 910 1664 Ospharnaum
919 1608 928 1659 3
947 1586 1129 1645 centurionis
1139 1594 1340 1662 antemnisque

142 1670 178 1727 od
190 1688 309 1726 servum
323 1670 375 1746 qui
388 1669 544 1746 languerat
558 1689 671 1726 sanum.

200 1766 393 1840 Offcrtoriwm.

196 1848 340 1905 Miserere
353 1847 420 1917 mei,
432 1847 570 1919 Domine,
579 1847 740 1905 secundum
752 1866 891 1924 magnam
904 1845 1134 1904 misericordiam
1148 1852 1232 1904 tuam
1244 1867 1250 1902 ι
1264 1845 1337 1917 dele,

142 1929 275 2000 Domine,
290 1928 481 2005 iniquitatem
494 1947 598 1986 meam,

197 2025 241 2084 In
253 2035 375 2104 tempore
388 2025 534 2099 Posctolo',
548 2027 696 2102 Alleluya.

198 2124 390 2281 Deiiriiacujus
403 2206 526 2262 nutibus
540 2204 610 2262 vitae
624 2212 732 2262 nostrae
746 2185 897 2262 momenta
910 2204 1071 2261 decurrunt
1082 2223 1091 2276 3
1111 2205 1223 2279 suscipe
1243 2222 1343 2280 preces

144 2291 172 2344 et
183 2286 295 2344 hostias
307 2286 413 2343 famuli
433 2287 480 2342 tui
494 2286 532 2343 N.
536 2330 544 2357 ,
561 2305 614 2363 pro
629 2306 687 2362 quo
701 2291 862 2362 aegrotante
877 2285 1106 2342 misericordiam
1122 2290 1206 2341 tuam
1225 2284 1345 2360 implor-

144 2386 241 2439 amus3
261 2372 298 2424 ut
311 2367 347 2424 de
361 2368 445 2443 cujus
459 2367 589 2443 periculo
603 2367 773 2439 metuimus,
790 2367 826 2424 de
839 2367 903 2442 ejus
917 2365 1011 2423 salute
1024 2366 1168 2424 laetemur.
1210 2365 1275 2422 Per.

202 2461 382 2522 cormonte.

200 2544 345 2602 Illumina
358 2543 463 2602 faciem
476 2550 560 2601 tuam
574 2564 662 2621 super
675 2563 794 2601 servum
806 2550 894 2601 tuum
908 2564 914 2600 :
935 2549 966 2600 et
979 2541 1094 2599 salvum
1109 2561 1155 2600 me
1176 2543 1220 2600 fec
1237 2542 1270 2598 in
1290 2547 1343 2599 tua

145 2625 347 2698 misericordia,
363 2625 492 2684 Domine
504 2645 513 2698 3
527 2645 587 2682 non
601 2625 771 2697 confundar,
787 2625 927 2701 quoniam
941 2623 1077 2681 invocavi
1094 2628 1132 2680 te.

200 2720 242 2779 In
255 2731 378 2798 tempore
393 2721 542 2795 Posctoli,
557 2722 706 2798 Alleluya‚
722 2722 858 2798 alleluya.

202 2818 445 2876 Poetoommeutio.

202 2900 293 2968 Deus,
316 2899 500 2956 infirmitatis
527 2899 663 2956 hnmanae
686 2899 833 2976 singulare
854 2896 1032 2974 praesidium,
1056 2897 1163 2955 auxilii
1184 2897 1230 2954 tui
1257 2917 1345 2974 super

148 2978 295 3037 infirmum
308 2987 444 3037 nostrum
461 2980 582 3037 ostende
595 2980 741 3037 virtutem
750 3001 759 3052 ;
779 2986 814 3036 ut
835 2999 889 3055 ope
909 2978 1114 3037 misericordie
1134 2985 1193 3034 tuae
1214 2978 1343 3054 adjutus,

149 3059 280 3119 Ecclesiae
290 3067 351 3118 tuse
366 3066 474 3118 sanetae
488 3060 642 3118 incolumis
656 3061 862 3137 repraesentari
874 3066 1029 3118 mereatur.
1064 3059 1122 3118 Per
1136 3060 1308 3119 Dominum.

582 3289 648 3346 Pao
668 3289 797 3346 Donmo
818 3287 911 3344 Pare.

208 3369 317 3429 Oratio.

204 3451 298 3524 Deus,
327 3449 459 3508 fidelium
486 3449 619 3507 omnium
646 3454 748 3526 pastor
773 3455 804 3507 et
830 3455 936 3520 rector,
964 3448 1108 3506 famulum
1136 3456 1223 3506 tuum
1249 3448 1288 3506 N.
1315 3455 1346 3507 et

150 3536 302 3607 pastorem,
332 3551 420 3608 quem
451 3531 589 3588 Ecclesiae
623 3537 683 3587 tuse
717 3549 839 3606 praeesse
872 3528 1002 3599 voluisti,
1037 3530 1183 3605 propitius
1217 3530 1327 3605 respice
1338 3550 1351 3602 ;.

152 3611 185 3670 ds
207 3611 244 3684 ei,
273 3631 449 3688 quesumus,
475 3613 565 3669 verbo
589 3617 619 3669 et
643 3611 778 3687 exemplo
802 3611 844 3669 eis
868 3611 976 3686 quibus
1003 3617 1108 3687 praeest
1134 3610 1281 3686 proficere,
1310 3616 1346 3667 ut

152 3693 184 3749 ad
208 3693 305 3750 vitam
328 3712 390 3750 una
413 3711 480 3750 cum
503 3711 589 3768 grege
613 3692 671 3749 sibi
695 3691 806 3749 credito
835 3692 989 3769 perveniat
1016 3692 1231 3767 sempiternam.
1288 3691 1347 3747 Per

153 3771 319 3833 Dominum.

207 3865 332 4019 &ligiis
354 3947 491 4018 Domine,
512 3946 627 4023 placare
648 3947 838 4017 muneribus3
867 3952 898 4004 et
921 3945 1065 4002 famulum
1088 3952 1175 4002 tuum
1194 3945 1232 4003 N.
1257 3965 1346 4022 quem

153 4032 312 4166 m&
318 4027 429 4105 populo
452 4033 505 4085 tuo
529 4047 591 4085 esse
613 4027 744 4100 voluisti,
765 4027 882 4117 assidua
905 4027 1084 4103 protectione
1105 4026 1245 4102 guberna.
1290 4026 1355 4083 Per·

207 4205 449 4264 Postcornonunio.

149 4282 154 4289 ’
209 4286 285 4343 Haeo
297 4305 361 4356 nos,
377 4305 553 4363 quaesumus,
568 4285 705 4354 Domine,
719 4284 815 4341 divini
828 4283 1001 4341 sacramenti
1022 4283 1169 4359 perceptio
1189 4289 1324 4360 protegat
1336 4304 1344 4355 ;

148 4369 182 4423 'et
199 4366 346 4425 famulum
365 4371 453 4424 tuum
466 4365 517 4440 N,
533 4385 623 4443 quem
645 4373 792 4442 pastorem
815 4364 951 4422 Ecclesiae
969 4369 1028 4420 tuae
1052 4363 1181 4436 voluisti,
1197 4384 1257 4422 une
1279 4385 1347 4424 curn

154 4446 302 4507 commisso
315 4466 402 4526 grege
416 4447 511 4505 salvet
523 4466 638 4525 semper
650 4452 681 4505 et
694 4446 817 4504 muniat.
861 4445 926 4524 Per.
