<?xml version="1.0" encoding="UTF-8"?>
<!DOCTYPE html PUBLIC "-//W3C//DTD XHTML 1.0 Transitional//EN"
    "http://www.w3.org/TR/xhtml1/DTD/xhtml1-transitional.dtd">
<html xmlns="http://www.w3.org/1999/xhtml" xml:lang="en" lang="en">
 <head>
  <title>
</title>
<meta http-equiv="Content-Type" content="text/html;charset=utf-8" />
  <meta name='ocr-system' content='tesseract 3.04.00' />
  <meta name='ocr-capabilities' content='ocr_page ocr_carea ocr_par ocr_line ocrx_word'/>
</head>
<body>
  <div class='ocr_page' id='page_1' title='image "./missaleadusumin02churgoog_0201.png"; bbox 0 0 2946 5002; ppageno 0'>
   <div class='ocr_carea' id='block_1_1' title="bbox 140 378 929 464">
    <p class='ocr_par' dir='ltr' id='par_1_1' title="bbox 140 378 929 464">
     <span class='ocr_line' id='line_1_1' title="bbox 140 378 929 464; baseline 0.003 -23"><span class='ocrx_word' id='word_1_1' title='bbox 140 378 202 448; x_wconf 79' lang='lat'><strong>172</strong></span> <span class='ocrx_word' id='word_1_2' title='bbox 548 378 655 444; x_wconf 75' lang='lat' dir='ltr'><strong>Micca</strong></span> <span class='ocrx_word' id='word_1_3' title='bbox 673 400 739 464; x_wconf 80' lang='lat' dir='ltr'><strong>pro</strong></span> <span class='ocrx_word' id='word_1_4' title='bbox 761 378 929 464; x_wconf 73' lang='lat' dir='ltr'><strong>infirmia.</strong></span> 
     </span>
    </p>
   </div>
   <div class='ocr_carea' id='block_1_2' title="bbox 93 543 1343 1588">
    <p class='ocr_par' dir='ltr' id='par_1_2' title="bbox 93 543 1289 701">
     <span class='ocr_line' id='line_1_2' title="bbox 196 543 761 623; baseline 0.002 -21"><span class='ocrx_word' id='word_1_5' title='bbox 196 543 364 602; x_wconf 79' lang='lat' dir='ltr'><strong>Secundum</strong></span> <span class='ocrx_word' id='word_1_6' title='bbox 378 544 552 602; x_wconf 75' lang='lat' dir='ltr'><strong>Mottltcccm</strong></span> <span class='ocrx_word' id='word_1_7' title='bbox 568 546 625 619; x_wconf 81' lang='lat' dir='ltr'><strong>(io.</strong></span> <span class='ocrx_word' id='word_1_8' title='bbox 644 545 761 623; x_wconf 82' lang='lat'><strong>23-25).</strong></span> 
     </span>
     <span class='ocr_line' id='line_1_3' title="bbox 93 624 1289 701; baseline 0.001 -19"><span class='ocrx_word' id='word_1_9' title='bbox 93 696 96 701; x_wconf 19' lang='grc'>1</span> <span class='ocrx_word' id='word_1_10' title='bbox 197 625 237 682; x_wconf 94' lang='lat' dir='ltr'><strong>In</strong></span> <span class='ocrx_word' id='word_1_11' title='bbox 249 625 301 683; x_wconf 91' lang='lat' dir='ltr'><strong>illo</strong></span> <span class='ocrx_word' id='word_1_12' title='bbox 315 632 454 701; x_wconf 89' lang='lat' dir='ltr'><strong>tempore,</strong></span> <span class='ocrx_word' id='word_1_13' title='bbox 470 625 622 683; x_wconf 82' lang='lat' dir='ltr'><strong>Oircuibat</strong></span> <span class='ocrx_word' id='word_1_14' title='bbox 635 633 730 683; x_wconf 89' lang='lat' dir='ltr'><strong>totam</strong></span> <span class='ocrx_word' id='word_1_15' title='bbox 744 625 898 683; x_wconf 83' lang='lat' dir='ltr'><strong>Galilaeam</strong></span> <span class='ocrx_word' id='word_1_16' title='bbox 911 645 1001 701; x_wconf 79' lang='lat' dir='ltr'><strong>usquc</strong></span> <span class='ocrx_word' id='word_1_17' title='bbox 1015 624 1057 684; x_wconf 80' lang='lat' dir='ltr'><strong>od</strong></span> <span class='ocrx_word' id='word_1_18' title='bbox 1064 626 1161 684; x_wconf 75' lang='lat' dir='ltr'><strong>turba</strong></span> <span class='ocrx_word' id='word_1_19' title='bbox 1174 625 1289 684; x_wconf 88' lang='lat' dir='ltr'><strong>multae.</strong></span> 
     </span>
    </p>

    <p class='ocr_par' dir='ltr' id='par_1_3' title="bbox 198 704 772 780">
     <span class='ocr_line' id='line_1_4' title="bbox 198 704 772 780; baseline 0.002 -17"><span class='ocrx_word' id='word_1_20' title='bbox 198 704 392 780; x_wconf 73' lang='lat' dir='ltr'><strong>Offlrtorc‘noa</strong></span> <span class='ocrx_word' id='word_1_21' title='bbox 435 707 526 780; x_wconf 89' lang='lat' dir='ltr'><strong>Deus,</strong></span> <span class='ocrx_word' id='word_1_22' title='bbox 541 713 577 764; x_wconf 90' lang='lat' dir='ltr'><strong>tu</strong></span> <span class='ocrx_word' id='word_1_23' title='bbox 590 713 772 764; x_wconf 84' lang='lat' dir='ltr'><strong>convertens.</strong></span> 
     </span>
    </p>

    <p class='ocr_par' dir='ltr' id='par_1_4' title="bbox 197 786 318 847">
     <span class='ocr_line' id='line_1_5' title="bbox 197 786 318 847; baseline 0.025 -4"><span class='ocrx_word' id='word_1_24' title='bbox 197 786 318 847; x_wconf 67' lang='lat' dir='ltr'><strong>secreta</strong></span> 
     </span>
    </p>

    <p class='ocr_par' dir='ltr' id='par_1_5' title="bbox 135 866 1343 1167">
     <span class='ocr_line' id='line_1_6' title="bbox 197 866 1342 944; baseline 0.001 -21"><span class='ocrx_word' id='word_1_25' title='bbox 197 866 322 944; x_wconf 87' lang='lat' dir='ltr'><strong>Protege</strong></span> <span class='ocrx_word' id='word_1_26' title='bbox 344 886 405 939; x_wconf 89' lang='lat' dir='ltr'><strong>nos,</strong></span> <span class='ocrx_word' id='word_1_27' title='bbox 424 886 604 943; x_wconf 86' lang='lat' dir='ltr'><strong>quaesumus,</strong></span> <span class='ocrx_word' id='word_1_28' title='bbox 626 868 763 940; x_wconf 81' lang='lat' dir='ltr'>Domine,</span> <span class='ocrx_word' id='word_1_29' title='bbox 788 867 884 944; x_wconf 82' lang='lat' dir='ltr'><strong>gratia</strong></span> <span class='ocrx_word' id='word_1_30' title='bbox 904 876 958 924; x_wconf 88' lang='lat' dir='ltr'><strong>tua</strong></span> <span class='ocrx_word' id='word_1_31' title='bbox 985 866 1043 923; x_wconf 89' lang='lat' dir='ltr'><strong>tibi</strong></span> <span class='ocrx_word' id='word_1_32' title='bbox 1064 873 1168 925; x_wconf 87' lang='lat' dir='ltr'><strong>saneta</strong></span> <span class='ocrx_word' id='word_1_33' title='bbox 1196 866 1342 925; x_wconf 85' lang='lat' dir='ltr'><strong>sacrificia</strong></span> 
     </span>
     <span class='ocr_line' id='line_1_7' title="bbox 136 948 1343 1025; baseline 0.001 -22"><span class='ocrx_word' id='word_1_34' title='bbox 136 948 332 1021; x_wconf 71' lang='lat' dir='ltr'><strong>immolantes,</strong></span> <span class='ocrx_word' id='word_1_35' title='bbox 347 956 377 1006; x_wconf 90' lang='lat' dir='ltr'><strong>et</strong></span> <span class='ocrx_word' id='word_1_36' title='bbox 391 948 508 1024; x_wconf 84' lang='lat' dir='ltr'><strong>plagam</strong></span> <span class='ocrx_word' id='word_1_37' title='bbox 531 948 724 1006; x_wconf 74' lang='lat' dir='ltr'><strong>mortalitatis</strong></span> <span class='ocrx_word' id='word_1_38' title='bbox 737 968 825 1025; x_wconf 89' lang='lat' dir='ltr'><strong>quam</strong></span> <span class='ocrx_word' id='word_1_39' title='bbox 840 966 928 1024; x_wconf 88' lang='lat' dir='ltr'><strong>super</strong></span> <span class='ocrx_word' id='word_1_40' title='bbox 947 966 1002 1005; x_wconf 89' lang='lat' dir='ltr'><strong>nos</strong></span> <span class='ocrx_word' id='word_1_41' title='bbox 1021 948 1219 1024; x_wconf 85' lang='lat' dir='ltr'><strong>propeccatis</strong></span> <span class='ocrx_word' id='word_1_42' title='bbox 1232 949 1343 1005; x_wconf 85' lang='lat' dir='ltr'><strong>nostris</strong></span> 
     </span>
     <span class='ocr_line' id='line_1_8' title="bbox 135 1028 1340 1106; baseline 0 -21"><span class='ocrx_word' id='word_1_43' title='bbox 135 1028 290 1086; x_wconf 88' lang='lat' dir='ltr'><strong>imminere</strong></span> <span class='ocrx_word' id='word_1_44' title='bbox 316 1048 465 1105; x_wconf 80' lang='lat' dir='ltr'><strong>pavemus,</strong></span> <span class='ocrx_word' id='word_1_45' title='bbox 480 1049 533 1106; x_wconf 87' lang='lat' dir='ltr'><strong>per</strong></span> <span class='ocrx_word' id='word_1_46' title='bbox 553 1029 699 1086; x_wconf 83' lang='lat' dir='ltr'><strong>auxilium</strong></span> <span class='ocrx_word' id='word_1_47' title='bbox 721 1028 927 1087; x_wconf 72' lang='lat' dir='ltr'><strong>misericordiae</strong></span> <span class='ocrx_word' id='word_1_48' title='bbox 948 1035 1008 1086; x_wconf 90' lang='lat' dir='ltr'><strong>tuae</strong></span> <span class='ocrx_word' id='word_1_49' title='bbox 1031 1028 1195 1086; x_wconf 87' lang='lat' dir='ltr'><strong>sentiamus</strong></span> <span class='ocrx_word' id='word_1_50' title='bbox 1220 1047 1340 1086; x_wconf 86' lang='lat' dir='ltr'><strong>cessare.</strong></span> 
     </span>
     <span class='ocr_line' id='line_1_9' title="bbox 137 1108 202 1167; baseline 0.015 -1"><span class='ocrx_word' id='word_1_51' title='bbox 137 1108 202 1167; x_wconf 87' lang='lat' dir='ltr'><strong>Per.</strong></span> 
     </span>
    </p>

    <p class='ocr_par' dir='ltr' id='par_1_6' title="bbox 197 1189 719 1264">
     <span class='ocr_line' id='line_1_10' title="bbox 197 1189 719 1264; baseline 0.004 -17"><span class='ocrx_word' id='word_1_52' title='bbox 197 1189 378 1247; x_wconf 76' lang='lat' dir='ltr'><strong>Communia</strong></span> <span class='ocrx_word' id='word_1_53' title='bbox 422 1189 533 1264; x_wconf 80' lang='lat' dir='ltr'><strong>Amen,</strong></span> <span class='ocrx_word' id='word_1_54' title='bbox 548 1190 614 1247; x_wconf 89' lang='lat' dir='ltr'><strong>dico</strong></span> <span class='ocrx_word' id='word_1_55' title='bbox 627 1191 719 1249; x_wconf 86' lang='lat' dir='ltr'><strong>vobis.</strong></span> 
     </span>
    </p>

    <p class='ocr_par' dir='ltr' id='par_1_7' title="bbox 196 1270 438 1329">
     <span class='ocr_line' id='line_1_11' title="bbox 196 1270 438 1329; baseline 0.012 -3"><span class='ocrx_word' id='word_1_56' title='bbox 196 1270 438 1329; x_wconf 83' lang='lat' dir='ltr'><strong>Poatcommunio.</strong></span> 
     </span>
    </p>

    <p class='ocr_par' dir='ltr' id='par_1_8' title="bbox 134 1349 1342 1588">
     <span class='ocr_line' id='line_1_12' title="bbox 198 1349 1342 1426; baseline 0 -19"><span class='ocrx_word' id='word_1_57' title='bbox 198 1350 339 1426; x_wconf 81' lang='lat' dir='ltr'><strong>Sumptis,</strong></span> <span class='ocrx_word' id='word_1_58' title='bbox 354 1350 490 1423; x_wconf 89' lang='lat' dir='ltr'><strong>Domine,</strong></span> <span class='ocrx_word' id='word_1_59' title='bbox 514 1351 617 1408; x_wconf 86' lang='lat' dir='ltr'><strong>salutis</strong></span> <span class='ocrx_word' id='word_1_60' title='bbox 638 1358 745 1409; x_wconf 87' lang='lat' dir='ltr'><strong>nostrae</strong></span> <span class='ocrx_word' id='word_1_61' title='bbox 767 1350 904 1409; x_wconf 84' lang='lat' dir='ltr'><strong>subsidiis</strong></span> <span class='ocrx_word' id='word_1_62' title='bbox 925 1356 1008 1407; x_wconf 89' lang='lat' dir='ltr'><strong>tuam</strong></span> <span class='ocrx_word' id='word_1_63' title='bbox 1032 1349 1264 1408; x_wconf 87' lang='lat' dir='ltr'><strong>misericordiam</strong></span> <span class='ocrx_word' id='word_1_64' title='bbox 1277 1369 1342 1426; x_wconf 83' lang='lat' dir='ltr'><strong>sup</strong></span> 
     </span>
     <span class='ocr_line' id='line_1_13' title="bbox 135 1430 1341 1509; baseline 0 -21"><span class='ocrx_word' id='word_1_65' title='bbox 135 1431 253 1507; x_wconf 74' lang='lat' dir='ltr'><strong>pliciter</strong></span> <span class='ocrx_word' id='word_1_66' title='bbox 275 1431 471 1507; x_wconf 79' lang='lat' dir='ltr'><strong>deprecamus,</strong></span> <span class='ocrx_word' id='word_1_67' title='bbox 487 1439 522 1487; x_wconf 86' lang='lat' dir='ltr'><strong>ut</strong></span> <span class='ocrx_word' id='word_1_68' title='bbox 546 1433 583 1488; x_wconf 90' lang='lat' dir='ltr'><strong>ab</strong></span> <span class='ocrx_word' id='word_1_69' title='bbox 605 1432 774 1489; x_wconf 88' lang='lat' dir='ltr'><strong>imminenti</strong></span> <span class='ocrx_word' id='word_1_70' title='bbox 798 1452 851 1490; x_wconf 87' lang='lat' dir='ltr'><strong>nos</strong></span> <span class='ocrx_word' id='word_1_71' title='bbox 875 1432 960 1509; x_wconf 85' lang='lat' dir='ltr'><strong>plaga</strong></span> <span class='ocrx_word' id='word_1_72' title='bbox 982 1430 1121 1489; x_wconf 88' lang='lat' dir='ltr'><strong>defendas</strong></span> <span class='ocrx_word' id='word_1_73' title='bbox 1135 1435 1166 1489; x_wconf 84' lang='lat' dir='ltr'><strong>et</strong></span> <span class='ocrx_word' id='word_1_74' title='bbox 1178 1431 1218 1490; x_wconf 85' lang='lat' dir='ltr'><strong>ab</strong></span> <span class='ocrx_word' id='word_1_75' title='bbox 1232 1437 1341 1489; x_wconf 87' lang='lat' dir='ltr'><strong>aeterna</strong></span> 
     </span>
     <span class='ocr_line' id='line_1_14' title="bbox 134 1511 741 1588; baseline 0.003 -19"><span class='ocrx_word' id='word_1_76' title='bbox 134 1511 325 1569; x_wconf 83' lang='lat' dir='ltr'><strong>damnatione</strong></span> <span class='ocrx_word' id='word_1_77' title='bbox 339 1511 453 1588; x_wconf 87' lang='lat' dir='ltr'><strong>eripias.</strong></span> <span class='ocrx_word' id='word_1_78' title='bbox 497 1512 555 1569; x_wconf 91' lang='lat' dir='ltr'><strong>Per</strong></span> <span class='ocrx_word' id='word_1_79' title='bbox 569 1513 741 1572; x_wconf 90' lang='lat' dir='ltr'><strong>Dominum.</strong></span> 
     </span>
    </p>
   </div>
   <div class='ocr_carea' id='block_1_3' title="bbox 414 1747 1059 1819">
    <p class='ocr_par' dir='ltr' id='par_1_9' title="bbox 414 1747 1059 1819">
     <span class='ocr_line' id='line_1_15' title="bbox 414 1747 1059 1819; baseline 0.002 -14"><span class='ocrx_word' id='word_1_80' title='bbox 414 1747 514 1806; x_wconf 80' lang='lat' dir='ltr'><strong>Missa</strong></span> <span class='ocrx_word' id='word_1_81' title='bbox 534 1765 592 1808; x_wconf 83' lang='lat' dir='ltr'><strong>rao</strong></span> <span class='ocrx_word' id='word_1_82' title='bbox 613 1766 799 1819; x_wconf 72' lang='lat' dir='ltr'><strong>ooacoroon</strong></span> <span class='ocrx_word' id='word_1_83' title='bbox 819 1749 1059 1809; x_wconf 78' lang='lat' dir='ltr'><strong>Taieomnonn.</strong></span> 
     </span>
    </p>
   </div>
   <div class='ocr_carea' id='block_1_4' title="bbox 134 1875 1336 2278">
    <p class='ocr_par' dir='ltr' id='par_1_10' title="bbox 196 1875 583 1958">
     <span class='ocr_line' id='line_1_16' title="bbox 196 1875 583 1958; baseline 0.013 -23"><span class='ocrx_word' id='word_1_84' title='bbox 196 1875 336 1953; x_wconf 81' lang='lat' dir='ltr'><strong>Officium.</strong></span> <span class='ocrx_word' id='word_1_85' title='bbox 380 1880 464 1938; x_wconf 83' lang='lat' dir='ltr'><strong>Salus</strong></span> <span class='ocrx_word' id='word_1_86' title='bbox 474 1881 583 1958; x_wconf 90' lang='lat' dir='ltr'><strong>populi.</strong></span> 
     </span>
    </p>

    <p class='ocr_par' dir='ltr' id='par_1_11' title="bbox 197 1958 307 2018">
     <span class='ocr_line' id='line_1_17' title="bbox 197 1958 307 2018; baseline 0.009 -1"><span class='ocrx_word' id='word_1_87' title='bbox 197 1958 307 2018; x_wconf 82' lang='lat' dir='ltr'><strong>Oratio.</strong></span> 
     </span>
    </p>

    <p class='ocr_par' dir='ltr' id='par_1_12' title="bbox 134 2039 1336 2278">
     <span class='ocr_line' id='line_1_18' title="bbox 195 2039 1336 2115; baseline 0.004 -19"><span class='ocrx_word' id='word_1_88' title='bbox 195 2039 380 2098; x_wconf 83' lang='lat' dir='ltr'><strong>Ineffabilem</strong></span> <span class='ocrx_word' id='word_1_89' title='bbox 404 2042 633 2100; x_wconf 85' lang='lat' dir='ltr'><strong>misericordiam</strong></span> <span class='ocrx_word' id='word_1_90' title='bbox 648 2049 732 2100; x_wconf 86' lang='lat' dir='ltr'><strong>tuam</strong></span> <span class='ocrx_word' id='word_1_91' title='bbox 755 2043 848 2115; x_wconf 89' lang='lat' dir='ltr'><strong>nobis,</strong></span> <span class='ocrx_word' id='word_1_92' title='bbox 863 2043 1000 2113; x_wconf 88' lang='lat' dir='ltr'><strong>Domine,</strong></span> <span class='ocrx_word' id='word_1_93' title='bbox 1016 2042 1175 2100; x_wconf 88' lang='lat' dir='ltr'><strong>clementer</strong></span> <span class='ocrx_word' id='word_1_94' title='bbox 1197 2043 1336 2114; x_wconf 86' lang='lat' dir='ltr'><strong>ostende;</strong></span> 
     </span>
     <span class='ocr_line' id='line_1_19' title="bbox 134 2120 1334 2202; baseline 0.004 -26"><span class='ocrx_word' id='word_1_95' title='bbox 134 2126 170 2177; x_wconf 88' lang='lat' dir='ltr'><strong>nt</strong></span> <span class='ocrx_word' id='word_1_96' title='bbox 183 2120 270 2178; x_wconf 89' lang='lat' dir='ltr'><strong>simul</strong></span> <span class='ocrx_word' id='word_1_97' title='bbox 286 2141 338 2179; x_wconf 92' lang='lat' dir='ltr'><strong>nos</strong></span> <span class='ocrx_word' id='word_1_98' title='bbox 352 2129 382 2179; x_wconf 89' lang='lat' dir='ltr'><strong>et</strong></span> <span class='ocrx_word' id='word_1_99' title='bbox 395 2143 413 2178; x_wconf 88' lang='lat' dir='ltr'><strong>a</strong></span> <span class='ocrx_word' id='word_1_100' title='bbox 426 2124 553 2198; x_wconf 90' lang='lat' dir='ltr'><strong>peccatis</strong></span> <span class='ocrx_word' id='word_1_101' title='bbox 567 2124 702 2180; x_wconf 86' lang='lat' dir='ltr'><strong>omnibus</strong></span> <span class='ocrx_word' id='word_1_102' title='bbox 716 2144 816 2196; x_wconf 85' lang='lat' dir='ltr'><strong>exuas,</strong></span> <span class='ocrx_word' id='word_1_103' title='bbox 830 2131 861 2182; x_wconf 92' lang='lat' dir='ltr'><strong>et</strong></span> <span class='ocrx_word' id='word_1_104' title='bbox 880 2145 898 2182; x_wconf 90' lang='lat' dir='ltr'><strong>a</strong></span> <span class='ocrx_word' id='word_1_105' title='bbox 918 2125 1010 2202; x_wconf 87' lang='lat' dir='ltr'><strong>paenis</strong></span> <span class='ocrx_word' id='word_1_106' title='bbox 1028 2143 1102 2200; x_wconf 85' lang='lat' dir='ltr'><strong>quas</strong></span> <span class='ocrx_word' id='word_1_107' title='bbox 1114 2143 1169 2200; x_wconf 89' lang='lat' dir='ltr'><strong>pro</strong></span> <span class='ocrx_word' id='word_1_108' title='bbox 1183 2123 1231 2180; x_wconf 89' lang='lat' dir='ltr'><strong>his</strong></span> <span class='ocrx_word' id='word_1_109' title='bbox 1245 2143 1334 2181; x_wconf 87' lang='lat' dir='ltr'><strong>mere-</strong></span> 
     </span>
     <span class='ocr_line' id='line_1_20' title="bbox 135 2202 599 2278; baseline 0.006 -21"><span class='ocrx_word' id='word_1_110' title='bbox 135 2220 203 2258; x_wconf 90' lang='lat' dir='ltr'><strong>mur</strong></span> <span class='ocrx_word' id='word_1_111' title='bbox 217 2202 362 2278; x_wconf 86' lang='lat' dir='ltr'><strong>benignus</strong></span> <span class='ocrx_word' id='word_1_112' title='bbox 376 2203 490 2278; x_wconf 85' lang='lat' dir='ltr'><strong>eripias.</strong></span> <span class='ocrx_word' id='word_1_113' title='bbox 534 2203 599 2260; x_wconf 91' lang='lat' dir='ltr'><strong>Per.</strong></span> 
     </span>
    </p>
   </div>
   <div class='ocr_carea' id='block_1_5' title="bbox 134 2294 1335 2775">
    <p class='ocr_par' dir='ltr' id='par_1_13' title="bbox 195 2294 1334 2373">
     <span class='ocr_line' id='line_1_21' title="bbox 195 2294 1334 2373; baseline 0.004 -23"><span class='ocrx_word' id='word_1_114' title='bbox 195 2294 336 2370; x_wconf 76' lang='lat' dir='ltr'><strong>Epistola.</strong></span> <span class='ocrx_word' id='word_1_115' title='bbox 380 2294 521 2353; x_wconf 88' lang='lat' dir='ltr'><strong>Miserere</strong></span> <span class='ocrx_word' id='word_1_116' title='bbox 535 2297 637 2366; x_wconf 89' lang='lat' dir='ltr'><strong>nostri,</strong></span> <span class='ocrx_word' id='word_1_117' title='bbox 653 2297 744 2369; x_wconf 84' lang='lat' dir='ltr'><strong>Deus,</strong></span> <span class='ocrx_word' id='word_1_118' title='bbox 753 2305 786 2354; x_wconf 82' lang='lat' dir='ltr'><strong>at</strong></span> <span class='ocrx_word' id='word_1_119' title='bbox 800 2317 892 2372; x_wconf 74' lang='lat' dir='ltr'><strong>supro</strong></span> <span class='ocrx_word' id='word_1_120' title='bbox 905 2297 939 2354; x_wconf 82' lang='lat' dir='ltr'><strong>ia</strong></span> <span class='ocrx_word' id='word_1_121' title='bbox 953 2296 1048 2355; x_wconf 80' lang='lat' dir='ltr'><strong>Misco</strong></span> <span class='ocrx_word' id='word_1_122' title='bbox 1058 2317 1115 2373; x_wconf 82' lang='lat' dir='ltr'><strong>pro</strong></span> <span class='ocrx_word' id='word_1_123' title='bbox 1125 2295 1334 2370; x_wconf 74' lang='lat' dir='ltr'><strong>fmnilioribas.</strong></span> 
     </span>
    </p>

    <p class='ocr_par' dir='ltr' id='par_1_14' title="bbox 197 2374 610 2451">
     <span class='ocr_line' id='line_1_22' title="bbox 197 2374 610 2451; baseline 0.005 -19"><span class='ocrx_word' id='word_1_124' title='bbox 197 2374 331 2432; x_wconf 79' lang='lat' dir='ltr'><strong>Grodole.</strong></span> <span class='ocrx_word' id='word_1_125' title='bbox 375 2375 527 2451; x_wconf 89' lang='lat' dir='ltr'><strong>Propitius</strong></span> <span class='ocrx_word' id='word_1_126' title='bbox 541 2383 610 2434; x_wconf 90' lang='lat' dir='ltr'><strong>esto.</strong></span> 
     </span>
    </p>

    <p class='ocr_par' dir='ltr' id='par_1_15' title="bbox 195 2456 612 2532">
     <span class='ocr_line' id='line_1_23' title="bbox 195 2456 612 2532; baseline 0.002 -19"><span class='ocrx_word' id='word_1_127' title='bbox 195 2456 343 2532; x_wconf 84' lang='lat' dir='ltr'><strong>Alleluya.</strong></span> <span class='ocrx_word' id='word_1_128' title='bbox 394 2457 421 2514; x_wconf 88' lang='lat' dir='ltr'><strong>V.</strong></span> <span class='ocrx_word' id='word_1_129' title='bbox 446 2457 506 2527; x_wconf 80' lang='lat' dir='ltr'><strong>Qui</strong></span> <span class='ocrx_word' id='word_1_130' title='bbox 520 2464 612 2515; x_wconf 89' lang='lat' dir='ltr'><strong>sanat.</strong></span> 
     </span>
    </p>

    <p class='ocr_par' dir='ltr' id='par_1_16' title="bbox 194 2537 769 2612">
     <span class='ocr_line' id='line_1_24' title="bbox 194 2537 769 2612; baseline 0.007 -19"><span class='ocrx_word' id='word_1_131' title='bbox 194 2537 395 2612; x_wconf 61' lang='lat' dir='ltr'><strong>Evangeliom.</strong></span> <span class='ocrx_word' id='word_1_132' title='bbox 440 2538 609 2596; x_wconf 80' lang='lat' dir='ltr'><strong>Secundum</strong></span> <span class='ocrx_word' id='word_1_133' title='bbox 622 2539 769 2597; x_wconf 82' lang='lat' dir='ltr'><strong>Marcum.</strong></span> 
     </span>
    </p>

    <p class='ocr_par' dir='ltr' id='par_1_17' title="bbox 134 2617 1335 2775">
     <span class='ocr_line' id='line_1_25' title="bbox 195 2617 1335 2695; baseline 0.004 -21"><span class='ocrx_word' id='word_1_134' title='bbox 195 2617 305 2689; x_wconf 88' lang='lat' dir='ltr'><strong>Amen,</strong></span> <span class='ocrx_word' id='word_1_135' title='bbox 321 2619 385 2676; x_wconf 86' lang='lat' dir='ltr'><strong>dico</strong></span> <span class='ocrx_word' id='word_1_136' title='bbox 399 2619 491 2691; x_wconf 84' lang='lat' dir='ltr'><strong>vobis,</strong></span> <span class='ocrx_word' id='word_1_137' title='bbox 513 2620 583 2695; x_wconf 89' lang='lat' dir='ltr'><strong>quia</strong></span> <span class='ocrx_word' id='word_1_138' title='bbox 604 2621 630 2676; x_wconf 90' lang='lat' dir='ltr'><strong>si</strong></span> <span class='ocrx_word' id='word_1_139' title='bbox 644 2620 710 2695; x_wconf 85' lang='lat' dir='ltr'><strong>quis</strong></span> <span class='ocrx_word' id='word_1_140' title='bbox 723 2620 834 2678; x_wconf 84' lang='lat' dir='ltr'><strong>dixerit</strong></span> <span class='ocrx_word' id='word_1_141' title='bbox 851 2618 920 2677; x_wconf 91' lang='lat' dir='ltr'><strong>huic</strong></span> <span class='ocrx_word' id='word_1_142' title='bbox 937 2620 1040 2688; x_wconf 85' lang='lat' dir='ltr'><strong>monti,</strong></span> <span class='ocrx_word' id='word_1_143' title='bbox 1055 2618 1178 2692; x_wconf 84' lang='lat' dir='ltr'><strong>Tollere,</strong></span> <span class='ocrx_word' id='word_1_144' title='bbox 1194 2628 1220 2678; x_wconf 82' lang='lat' dir='ltr'><strong>et</strong></span> <span class='ocrx_word' id='word_1_145' title='bbox 1239 2628 1335 2690; x_wconf 75' lang='lat' dir='ltr'><strong>aare,</strong></span> 
     </span>
     <span class='ocr_line' id='line_1_26' title="bbox 134 2697 1067 2775; baseline 0.004 -21"><span class='ocrx_word' id='word_1_146' title='bbox 134 2706 168 2754; x_wconf 83' lang='lat' dir='ltr'><strong>at</strong></span> <span class='ocrx_word' id='word_1_147' title='bbox 182 2697 216 2755; x_wconf 80' lang='lat' dir='ltr'><strong>in</strong></span> <span class='ocrx_word' id='word_1_148' title='bbox 231 2698 319 2756; x_wconf 78' lang='lat' dir='ltr'><strong>Faria</strong></span> <span class='ocrx_word' id='word_1_149' title='bbox 333 2709 441 2773; x_wconf 81' lang='lat' dir='ltr'><strong>quarto</strong></span> <span class='ocrx_word' id='word_1_150' title='bbox 448 2710 516 2775; x_wconf 80' lang='lat' dir='ltr'><strong>port</strong></span> <span class='ocrx_word' id='word_1_151' title='bbox 526 2700 714 2758; x_wconf 80' lang='lat' dir='ltr'><strong>Dominicara</strong></span> <span class='ocrx_word' id='word_1_152' title='bbox 728 2701 891 2759; x_wconf 62' lang='lat' dir='ltr'><strong>omanorum</strong></span> <span class='ocrx_word' id='word_1_153' title='bbox 904 2701 1067 2758; x_wconf 69' lang='lat' dir='ltr'><strong>aeneadum.</strong></span> 
     </span>
    </p>
   </div>
   <div class='ocr_carea' id='block_1_6' title="bbox 134 2789 1339 3189">
    <p class='ocr_par' dir='ltr' id='par_1_18' title="bbox 198 2789 656 2868">
     <span class='ocr_line' id='line_1_27' title="bbox 198 2789 656 2868; baseline 0.007 -21"><span class='ocrx_word' id='word_1_154' title='bbox 198 2789 390 2864; x_wconf 77' lang='lat' dir='ltr'><strong>offortorium.</strong></span> <span class='ocrx_word' id='word_1_155' title='bbox 433 2793 557 2868; x_wconf 83' lang='lat' dir='ltr'><strong>Sperent</strong></span> <span class='ocrx_word' id='word_1_156' title='bbox 571 2794 603 2849; x_wconf 91' lang='lat' dir='ltr'><strong>in</strong></span> <span class='ocrx_word' id='word_1_157' title='bbox 618 2801 656 2851; x_wconf 88' lang='lat' dir='ltr'><strong>te.</strong></span> 
     </span>
    </p>

    <p class='ocr_par' dir='ltr' id='par_1_19' title="bbox 195 2870 314 2928">
     <span class='ocr_line' id='line_1_28' title="bbox 195 2870 314 2928; baseline -0.008 0"><span class='ocrx_word' id='word_1_158' title='bbox 195 2870 314 2928; x_wconf 78' lang='lat' dir='ltr'><strong>Secreto.</strong></span> 
     </span>
    </p>

    <p class='ocr_par' dir='ltr' id='par_1_20' title="bbox 134 2950 1339 3189">
     <span class='ocr_line' id='line_1_29' title="bbox 197 2950 1339 3032; baseline 0.004 -25"><span class='ocrx_word' id='word_1_159' title='bbox 197 2950 344 3008; x_wconf 85' lang='lat' dir='ltr'><strong>Sacrificia</strong></span> <span class='ocrx_word' id='word_1_160' title='bbox 366 2952 432 3024; x_wconf 88' lang='lat' dir='ltr'><strong>tibi,</strong></span> <span class='ocrx_word' id='word_1_161' title='bbox 453 2952 590 3026; x_wconf 90' lang='lat' dir='ltr'><strong>Domine,</strong></span> <span class='ocrx_word' id='word_1_162' title='bbox 613 2954 801 3028; x_wconf 86' lang='lat' dir='ltr'><strong>immolanda,</strong></span> <span class='ocrx_word' id='word_1_163' title='bbox 826 2975 1005 3032; x_wconf 86' lang='lat' dir='ltr'><strong>quaesumus,</strong></span> <span class='ocrx_word' id='word_1_164' title='bbox 1025 2955 1113 3012; x_wconf 89' lang='lat' dir='ltr'><strong>corda</strong></span> <span class='ocrx_word' id='word_1_165' title='bbox 1136 2958 1240 3012; x_wconf 86' lang='lat' dir='ltr'><strong>nostra</strong></span> <span class='ocrx_word' id='word_1_166' title='bbox 1261 2955 1339 3031; x_wconf 92' lang='lat' dir='ltr'><strong>puri·</strong></span> 
     </span>
     <span class='ocr_line' id='line_1_30' title="bbox 135 3033 1339 3112; baseline 0.003 -24"><span class='ocrx_word' id='word_1_167' title='bbox 135 3033 232 3102; x_wconf 84' lang='lat' dir='ltr'><strong>ficent,</strong></span> <span class='ocrx_word' id='word_1_168' title='bbox 247 3039 277 3089; x_wconf 89' lang='lat' dir='ltr'><strong>et</strong></span> <span class='ocrx_word' id='word_1_169' title='bbox 290 3033 482 3109; x_wconf 75' lang='lat' dir='ltr'><strong>indulgentia</strong></span> <span class='ocrx_word' id='word_1_170' title='bbox 495 3040 555 3091; x_wconf 87' lang='lat' dir='ltr'><strong>tuae</strong></span> <span class='ocrx_word' id='word_1_171' title='bbox 569 3035 654 3092; x_wconf 86' lang='lat' dir='ltr'><strong>nobis</strong></span> <span class='ocrx_word' id='word_1_172' title='bbox 676 3037 753 3094; x_wconf 90' lang='lat' dir='ltr'><strong>dona</strong></span> <span class='ocrx_word' id='word_1_173' title='bbox 773 3037 940 3107; x_wconf 82' lang='lat' dir='ltr'><strong>concilient,</strong></span> <span class='ocrx_word' id='word_1_174' title='bbox 956 3042 986 3093; x_wconf 88' lang='lat' dir='ltr'><strong>et</strong></span> <span class='ocrx_word' id='word_1_175' title='bbox 1005 3036 1042 3093; x_wconf 91' lang='lat' dir='ltr'><strong>de</strong></span> <span class='ocrx_word' id='word_1_176' title='bbox 1055 3035 1187 3094; x_wconf 87' lang='lat' dir='ltr'><strong>adversis</strong></span> <span class='ocrx_word' id='word_1_177' title='bbox 1199 3054 1339 3112; x_wconf 87' lang='lat' dir='ltr'><strong>prospera</strong></span> 
     </span>
     <span class='ocr_line' id='line_1_31' title="bbox 134 3113 528 3189; baseline 0.01 -20"><span class='ocrx_word' id='word_1_178' title='bbox 134 3113 245 3170; x_wconf 88' lang='lat' dir='ltr'><strong>sentire</strong></span> <span class='ocrx_word' id='word_1_179' title='bbox 258 3113 419 3189; x_wconf 88' lang='lat' dir='ltr'><strong>perficiant.</strong></span> <span class='ocrx_word' id='word_1_180' title='bbox 462 3115 528 3173; x_wconf 90' lang='lat' dir='ltr'><strong>Per.</strong></span> 
     </span>
    </p>
   </div>
   <div class='ocr_carea' id='block_1_7' title="bbox 135 3204 1339 3526">
    <p class='ocr_par' dir='ltr' id='par_1_21' title="bbox 197 3204 716 3281">
     <span class='ocr_line' id='line_1_32' title="bbox 197 3204 716 3281; baseline 0.008 -19"><span class='ocrx_word' id='word_1_181' title='bbox 197 3204 378 3264; x_wconf 74' lang='lat' dir='ltr'><strong>Communia.</strong></span> <span class='ocrx_word' id='word_1_182' title='bbox 421 3207 530 3281; x_wconf 88' lang='lat' dir='ltr'><strong>Amen,</strong></span> <span class='ocrx_word' id='word_1_183' title='bbox 545 3209 610 3266; x_wconf 90' lang='lat' dir='ltr'><strong>dico</strong></span> <span class='ocrx_word' id='word_1_184' title='bbox 625 3210 716 3266; x_wconf 86' lang='lat' dir='ltr'><strong>vobis.</strong></span> 
     </span>
    </p>

    <p class='ocr_par' dir='ltr' id='par_1_22' title="bbox 196 3287 437 3346">
     <span class='ocr_line' id='line_1_33' title="bbox 196 3287 437 3346; baseline 0.004 -2"><span class='ocrx_word' id='word_1_185' title='bbox 196 3287 437 3346; x_wconf 81' lang='lat' dir='ltr'><strong>Poatcommaaio.</strong></span> 
     </span>
    </p>

    <p class='ocr_par' dir='ltr' id='par_1_23' title="bbox 135 3368 1339 3526">
     <span class='ocr_line' id='line_1_34' title="bbox 196 3368 1339 3441; baseline 0.001 -17"><span class='ocrx_word' id='word_1_186' title='bbox 196 3369 277 3438; x_wconf 81' lang='lat' dir='ltr'><strong>Quos</strong></span> <span class='ocrx_word' id='word_1_187' title='bbox 300 3369 417 3441; x_wconf 84' lang='lat' dir='ltr'><strong>caelesti,</strong></span> <span class='ocrx_word' id='word_1_188' title='bbox 432 3370 568 3441; x_wconf 89' lang='lat' dir='ltr'><strong>Domine,</strong></span> <span class='ocrx_word' id='word_1_189' title='bbox 585 3390 707 3428; x_wconf 88' lang='lat' dir='ltr'><strong>munere</strong></span> <span class='ocrx_word' id='word_1_190' title='bbox 720 3371 824 3440; x_wconf 87' lang='lat' dir='ltr'><strong>reficis,</strong></span> <span class='ocrx_word' id='word_1_191' title='bbox 839 3370 941 3426; x_wconf 84' lang='lat' dir='ltr'><strong>divina</strong></span> <span class='ocrx_word' id='word_1_192' title='bbox 962 3376 1045 3427; x_wconf 88' lang='lat' dir='ltr'><strong>tuere</strong></span> <span class='ocrx_word' id='word_1_193' title='bbox 1065 3370 1197 3441; x_wconf 85' lang='lat' dir='ltr'><strong>virtute;</strong></span> <span class='ocrx_word' id='word_1_194' title='bbox 1217 3375 1253 3425; x_wconf 91' lang='lat' dir='ltr'><strong>nt</strong></span> <span class='ocrx_word' id='word_1_195' title='bbox 1278 3368 1339 3426; x_wconf 85' lang='lat' dir='ltr'><strong>tuis</strong></span> 
     </span>
     <span class='ocr_line' id='line_1_35' title="bbox 135 3450 1215 3526; baseline 0.001 -21"><span class='ocrx_word' id='word_1_196' title='bbox 135 3450 283 3526; x_wconf 87' lang='lat' dir='ltr'><strong>mysteriis</strong></span> <span class='ocrx_word' id='word_1_197' title='bbox 297 3450 489 3526; x_wconf 85' lang='lat' dir='ltr'><strong>perfruentes,</strong></span> <span class='ocrx_word' id='word_1_198' title='bbox 503 3451 595 3508; x_wconf 89' lang='lat' dir='ltr'><strong>nullis</strong></span> <span class='ocrx_word' id='word_1_199' title='bbox 609 3452 774 3508; x_wconf 88' lang='lat' dir='ltr'><strong>subdantur</strong></span> <span class='ocrx_word' id='word_1_200' title='bbox 787 3451 925 3508; x_wconf 88' lang='lat' dir='ltr'><strong>adversis.</strong></span> <span class='ocrx_word' id='word_1_201' title='bbox 969 3451 1028 3508; x_wconf 90' lang='lat' dir='ltr'><strong>Per</strong></span> <span class='ocrx_word' id='word_1_202' title='bbox 1041 3450 1215 3508; x_wconf 89' lang='lat' dir='ltr'><strong>Dominum.</strong></span> 
     </span>
    </p>
   </div>
   <div class='ocr_carea' id='block_1_8' title="bbox 135 3680 1338 4060">
    <p class='ocr_par' dir='ltr' id='par_1_24' title="bbox 135 3680 1338 4060">
     <span class='ocr_line' id='line_1_36' title="bbox 559 3680 912 3740; baseline 0.003 -3"><span class='ocrx_word' id='word_1_203' title='bbox 559 3680 661 3738; x_wconf 81' lang='lat' dir='ltr'><strong>Mrssa</strong></span> <span class='ocrx_word' id='word_1_204' title='bbox 681 3697 740 3740; x_wconf 83' lang='lat' dir='ltr'><strong>rao</strong></span> <span class='ocrx_word' id='word_1_205' title='bbox 762 3682 912 3738; x_wconf 79' lang='lat' dir='ltr'><strong>Inrraurs</strong></span> 
     </span>
     <span class='ocr_line' id='line_1_37' title="bbox 199 3759 339 3834; baseline -0.007 -16"><span class='ocrx_word' id='word_1_206' title='bbox 199 3759 339 3834; x_wconf 78' lang='lat' dir='ltr'><strong>Officium.</strong></span> 
     </span>
     <span class='ocr_line' id='line_1_38' title="bbox 197 3839 1336 3917; baseline -0.001 -20"><span class='ocrx_word' id='word_1_207' title='bbox 197 3840 461 3899; x_wconf 82' lang='lat' dir='ltr'><strong>Circumdederunt</strong></span> <span class='ocrx_word' id='word_1_208' title='bbox 475 3861 522 3898; x_wconf 90' lang='lat' dir='ltr'><strong>me</strong></span> <span class='ocrx_word' id='word_1_209' title='bbox 535 3843 664 3917; x_wconf 85' lang='lat' dir='ltr'><strong>gemitus</strong></span> <span class='ocrx_word' id='word_1_210' title='bbox 677 3841 799 3900; x_wconf 84' lang='lat' dir='ltr'><strong>mortis:</strong></span> <span class='ocrx_word' id='word_1_211' title='bbox 820 3842 934 3899; x_wconf 89' lang='lat' dir='ltr'><strong>dolores</strong></span> <span class='ocrx_word' id='word_1_212' title='bbox 948 3841 1057 3899; x_wconf 88' lang='lat' dir='ltr'><strong>inferni</strong></span> <span class='ocrx_word' id='word_1_213' title='bbox 1078 3839 1336 3898; x_wconf 83' lang='lat' dir='ltr'><strong>circumdederunt</strong></span> 
     </span>
     <span class='ocr_line' id='line_1_39' title="bbox 135 3920 1338 3997; baseline -0.001 -19"><span class='ocrx_word' id='word_1_214' title='bbox 135 3941 198 3978; x_wconf 87' lang='lat' dir='ltr'><strong>me:</strong></span> <span class='ocrx_word' id='word_1_215' title='bbox 221 3928 251 3978; x_wconf 91' lang='lat' dir='ltr'><strong>et</strong></span> <span class='ocrx_word' id='word_1_216' title='bbox 264 3923 298 3978; x_wconf 92' lang='lat' dir='ltr'><strong>in</strong></span> <span class='ocrx_word' id='word_1_217' title='bbox 311 3923 503 3980; x_wconf 88' lang='lat' dir='ltr'><strong>tribulatione</strong></span> <span class='ocrx_word' id='word_1_218' title='bbox 525 3942 590 3980; x_wconf 88' lang='lat' dir='ltr'><strong>mea</strong></span> <span class='ocrx_word' id='word_1_219' title='bbox 609 3923 754 3994; x_wconf 84' lang='lat' dir='ltr'><strong>invocavi,</strong></span> <span class='ocrx_word' id='word_1_220' title='bbox 770 3929 801 3980; x_wconf 85' lang='lat' dir='ltr'><strong>et</strong></span> <span class='ocrx_word' id='word_1_221' title='bbox 822 3921 969 3979; x_wconf 88' lang='lat' dir='ltr'><strong>Dominus</strong></span> <span class='ocrx_word' id='word_1_222' title='bbox 990 3921 1145 3980; x_wconf 85' lang='lat' dir='ltr'><strong>exaudivit</strong></span> <span class='ocrx_word' id='word_1_223' title='bbox 1167 3921 1202 3978; x_wconf 91' lang='lat' dir='ltr'><strong>de</strong></span> <span class='ocrx_word' id='word_1_224' title='bbox 1224 3920 1338 3997; x_wconf 90' lang='lat' dir='ltr'><strong>templo</strong></span> 
     </span>
     <span class='ocr_line' id='line_1_40' title="bbox 136 4008 535 4060; baseline 0.005 -2"><span class='ocrx_word' id='word_1_225' title='bbox 136 4008 236 4059; x_wconf 88' lang='lat' dir='ltr'><strong>sancto</strong></span> <span class='ocrx_word' id='word_1_226' title='bbox 250 4022 304 4060; x_wconf 87' lang='lat' dir='ltr'><strong>suo</strong></span> <span class='ocrx_word' id='word_1_227' title='bbox 317 4022 418 4060; x_wconf 86' lang='lat' dir='ltr'><strong>vocem</strong></span> <span class='ocrx_word' id='word_1_228' title='bbox 433 4023 535 4060; x_wconf 87' lang='lat' dir='ltr'><strong>meam.</strong></span> 
     </span>
    </p>
   </div>
   <div class='ocr_carea' id='block_1_9' title="bbox 136 4093 1340 4575">
    <p class='ocr_par' dir='ltr' id='par_1_25' title="bbox 196 4093 847 4171">
     <span class='ocr_line' id='line_1_41' title="bbox 196 4093 847 4171; baseline 0.002 -20"><span class='ocrx_word' id='word_1_229' title='bbox 196 4093 238 4151; x_wconf 82' lang='lat' dir='ltr'><strong>In</strong></span> <span class='ocrx_word' id='word_1_230' title='bbox 252 4104 374 4170; x_wconf 78' lang='lat' dir='ltr'><strong>tempore</strong></span> <span class='ocrx_word' id='word_1_231' title='bbox 387 4095 533 4167; x_wconf 75' lang='lat' dir='ltr'><strong>Pcaolroli,</strong></span> <span class='ocrx_word' id='word_1_232' title='bbox 548 4096 698 4170; x_wconf 84' lang='lat' dir='ltr'><strong>Alleluya,</strong></span> <span class='ocrx_word' id='word_1_233' title='bbox 712 4094 847 4171; x_wconf 84' lang='lat' dir='ltr'><strong>alleluya.</strong></span> 
     </span>
    </p>

    <p class='ocr_par' dir='ltr' id='par_1_26' title="bbox 136 4175 1339 4475">
     <span class='ocr_line' id='line_1_42' title="bbox 195 4175 1339 4333; baseline -0.003 -19"><span class='ocrx_word' id='word_1_234' title='bbox 195 4175 386 4333; x_wconf 40' lang='lat' dir='ltr'><strong>&amp;gaggam</strong></span> <span class='ocrx_word' id='word_1_235' title='bbox 402 4257 540 4329; x_wconf 91' lang='lat' dir='ltr'><strong>Domine,</strong></span> <span class='ocrx_word' id='word_1_236' title='bbox 555 4256 700 4315; x_wconf 85' lang='lat' dir='ltr'><strong>fortitudo</strong></span> <span class='ocrx_word' id='word_1_237' title='bbox 720 4275 804 4315; x_wconf 89' lang='lat' dir='ltr'><strong>mea:</strong></span> <span class='ocrx_word' id='word_1_238' title='bbox 826 4255 975 4314; x_wconf 92' lang='lat' dir='ltr'><strong>Dominus</strong></span> <span class='ocrx_word' id='word_1_239' title='bbox 996 4255 1216 4311; x_wconf 86' lang='lat' dir='ltr'><strong>firmamentum</strong></span> <span class='ocrx_word' id='word_1_240' title='bbox 1237 4273 1339 4311; x_wconf 91' lang='lat' dir='ltr'><strong>meum</strong></span> 
     </span>
     <span class='ocr_line' id='line_1_43' title="bbox 136 4336 743 4475; baseline 0.005 -83"><span class='ocrx_word' id='word_1_241' title='bbox 136 4355 169 4393; x_wconf 86' lang='lat' dir='ltr'><strong>ac</strong></span> <span class='ocrx_word' id='word_1_242' title='bbox 182 4336 329 4475; x_wconf 54' lang='lat' dir='ltr'><strong>rgfugtiirpm</strong></span> <span class='ocrx_word' id='word_1_243' title='bbox 343 4357 443 4395; x_wconf 89' lang='lat' dir='ltr'><strong>meum</strong></span> <span class='ocrx_word' id='word_1_244' title='bbox 456 4343 487 4396; x_wconf 89' lang='lat' dir='ltr'><strong>et</strong></span> <span class='ocrx_word' id='word_1_245' title='bbox 500 4338 641 4397; x_wconf 87' lang='lat' dir='ltr'><strong>liberator</strong></span> <span class='ocrx_word' id='word_1_246' title='bbox 653 4356 743 4395; x_wconf 88' lang='lat' dir='ltr'><strong>meus.</strong></span> 
     </span>
    </p>

    <p class='ocr_par' dir='ltr' id='par_1_27' title="bbox 197 4437 1340 4575">
     <span class='ocr_line' id='line_1_44' title="bbox 197 4437 1340 4575; baseline 0.001 -22"><span class='ocrx_word' id='word_1_247' title='bbox 197 4437 391 4574; x_wconf 62' lang='lat' dir='ltr'><strong>Oldnipotens</strong></span> <span class='ocrx_word' id='word_1_248' title='bbox 404 4500 581 4575; x_wconf 88' lang='lat' dir='ltr'><strong>sempiteme</strong></span> <span class='ocrx_word' id='word_1_249' title='bbox 600 4500 691 4572; x_wconf 89' lang='lat' dir='ltr'><strong>Deus,</strong></span> <span class='ocrx_word' id='word_1_250' title='bbox 708 4498 786 4558; x_wconf 89' lang='lat' dir='ltr'><strong>salus</strong></span> <span class='ocrx_word' id='word_1_251' title='bbox 806 4504 918 4558; x_wconf 81' lang='lat' dir='ltr'><strong>aeterna</strong></span> <span class='ocrx_word' id='word_1_252' title='bbox 935 4495 1117 4556; x_wconf 87' lang='lat' dir='ltr'><strong>credentium</strong></span> <span class='ocrx_word' id='word_1_253' title='bbox 1126 4515 1136 4570; x_wconf 89' lang='lat'>;</span> <span class='ocrx_word' id='word_1_254' title='bbox 1156 4495 1266 4554; x_wconf 84' lang='lat' dir='ltr'><strong>exaudi</strong></span> <span class='ocrx_word' id='word_1_255' title='bbox 1286 4515 1340 4554; x_wconf 87' lang='lat' dir='ltr'><strong>nos</strong></span> 
     </span>
    </p>
   </div>
   <div class='ocr_carea' id='block_1_10' title="bbox 0 0 1481 5002">
    <p class='ocr_par' dir='ltr' id='par_1_28' title="bbox 0 0 1481 5002">
     <span class='ocr_line' id='line_1_45' title="bbox 0 0 1481 5002; baseline 0 0"><span class='ocrx_word' id='word_1_256' title='bbox 0 0 1481 5002; x_wconf 95' lang='lat' dir='ltr'><strong> </strong></span> 
     </span>
    </p>
   </div>
  </div>
 </body>
</html>
