2946 5002
415 339 463 404 Ia
485 336 540 403 dic
560 335 777 405 Viaitata'oaa'a
798 337 896 404 beatos
918 336 1049 403 Mardos.
1268 341 1330 402 215

482 504 647 562 Visitatrix
661 504 694 561 in
712 503 869 575 montanis,

522 584 687 643 Visitatrix
696 585 730 641 in
740 585 787 641 his
796 584 910 661 planis*

524 665 572 724 Sis
585 665 690 723 matris
704 664 848 722 Ecclesia.

482 745 633 804 Medicina
653 745 830 817 Christiana,

523 827 610 896 Quod
623 846 684 884 non
697 826 777 883 valet
790 827 838 883 vis
853 825 991 897 humana,

523 907 592 964 Fiat
606 908 682 965 dono
696 907 806 983 gratiae.

483 988 643 1046 Benedicta
656 987 823 1059 mulierum,

523 1068 611 1127 Sidus
624 1069 723 1141 maris,
737 1068 838 1125 lumen
851 1087 957 1125 verum

523 1149 664 1207 Maestum
677 1148 824 1207 consolare
838 1149 957 1220 clerum,

523 1229 671 1308 Populum
684 1230 801 1289 irradia.

483 1309 644 1369 Benedicto
657 1310 775 1368 ventris.
785 1310 832 1367 tui

524 1391 637 1448 Fructu
650 1390 726 1449 dona
740 1391 825 1448 nobis
837 1389 907 1461 frui,

525 1471 630 1548 Sicque
642 1472 734 1529 simus
747 1490 861 1546 semper
873 1470 920 1528 sui

525 1552 565 1610 In
577 1553 700 1628 perenni
712 1552 812 1627 gloria.
856 1552 963 1609 Amen.

195 1656 362 1716 Secundum
375 1655 489 1716 Lucam
502 1656 539 1734 (i.
557 1658 672 1734 39-43).

196 1737 235 1795 ln
247 1739 300 1797 illo
314 1745 453 1815 tempore,
469 1739 640 1815 Exsurgene
654 1737 753 1796 Maria
765 1757 856 1813 usqae
869 1738 911 1796 cd
924 1736 1047 1796 salutari
1061 1756 1132 1795 meo.

196 1818 298 1877 Credo.
899 1847 902 1854 ·

198 1899 390 1974 Offerloriam.

194 1983 272 2053 Ave,
290 1981 395 2052 Maria,
410 1981 507 2056 gratia
520 1980 607 2056 plena
620 2002 626 2038 :
641 1979 788 2055 Dominus
801 1987 920 2038 tecum:
934 1978 1090 2036 benedicta
1103 1983 1139 2035 tu
1151 1977 1185 2035 in
1198 1977 1328 2036 mulieri-

140 2062 202 2133 bus,
218 2067 249 2119 et
262 2060 432 2119 benedictus
446 2061 561 2120 fructus
574 2061 688 2119 ventris
701 2061 755 2119 tui

195 2141 316 2202 Secreta.

195 2222 331 2281 Ecclesiae
352 2229 419 2293 tnae,
441 2241 617 2299 quaesumus,
638 2221 775 2294 Domine,
796 2221 975 2281 oblationem
1000 2219 1146 2298 propitius
1170 2226 1272 2279 tuere:
1300 2227 1332 2278 et

135 2303 332 2363 interoedente
358 2303 485 2380 gloriosa
511 2304 627 2380 virgine
654 2302 712 2361 Dei
738 2303 886 2380 genetrice
910 2302 1017 2375 Maria,
1043 2302 1170 2360 unitatis
1194 2322 1227 2360 ac
1250 2301 1330 2379 pacis

136 2402 249 2460 semper
261 2384 354 2442 eidem
369 2385 447 2441 dona
461 2385 591 2442 concede.
635 2384 693 2441 Per
707 2385 839 2443 eundem.

130 2477 131 2480 ’
194 2464 344 2540 Praefatio.
388 2465 429 2522 Et
442 2471 474 2522 te
487 2465 519 2522 in
533 2464 722 2524 Visitatione.

195 2543 378 2604 Communia.

194 2625 288 2684 Beata
297 2626 409 2684 viscera
423 2626 528 2683 Mariae
542 2625 674 2701 virginis,
690 2646 755 2702 quae
769 2632 964 2701 portaverimt
978 2624 1082 2682 aeterni
1095 2624 1195 2682 Patris
1208 2622 1328 2682 Filium.

135 2707 225 2779 Deus,
251 2708 303 2783 qui
330 2708 479 2764 mediante
507 2707 593 2764 beata
616 2707 732 2783 virgine
756 2706 854 2763 Maria
873 2707 984 2770 mundo
1005 2705 1176 2764 succurristi
1202 2704 1327 2782 perdito,

134 2787 226 2863 ipsius
238 2787 372 2863 gloriosis
385 2787 500 2845 meritis
513 2793 543 2845 et
556 2787 692 2864 precibus
709 2787 985 2858 intervenientibus,
1001 2787 1125 2845 concede
1138 2786 1279 2865 placatus,
1295 2791 1330 2842 ut

135 2869 171 2925 ab
185 2867 319 2926 Ecclesiae
333 2876 392 2926 tuae
407 2888 496 2944 regno
506 2869 639 2926 omnium
649 2868 852 2926 scandalorum
866 2869 1088 2944 perturbatione
1101 2874 1221 2941 semota,
1232 2867 1265 2924 in
1277 2873 1330 2923 tue

135 2967 248 3024 semper
260 2969 331 3027 pace
344 2950 401 3006 tibi
414 2950 512 3006 debite
526 2949 693 3007 famuletur.
738 2949 798 3019 Qui
812 2949 898 3007 vivis.

193 3030 252 3087 Per
276 3029 397 3089 Oetaeos
420 3030 559 3088 dicaatcar
581 3029 741 3106 Sequentia
761 3032 837 3089 sicut
856 3028 942 3107 infra
967 3031 1090 3089 Oetaeas
1113 3027 1330 3105 descriptionis

135 3108 266 3186 p'csdem.

193 3189 235 3249 Ia
248 3199 347 3250 octava
360 3191 406 3250 die
420 3192 538 3249 dicatur
549 3190 706 3266 Sequentia
717 3212 727 3247 .·

483 3271 573 3342 Veni,
589 3277 683 3327 mater
695 3271 807 3347 gratiae,

524 3352 602 3409 Fons
616 3350 830 3423 misericordiae,

523 3431 643 3489 Miseris
657 3431 827 3490 remedium.

483 3512 573 3584 Veni,
588 3512 643 3569 lux
657 3512 804 3584 Ecclesiae,

522 3593 670 3650 Tristibus
683 3593 795 3651 laetitiae

522 3674 568 3732 Tu
582 3674 707 3733 infunde
720 3675 846 3732 radium.

483 3754 525 3814 Te
537 3755 670 3831 reginam
684 3755 819 3829 colimus,

523 3836 591 3894 Tibi
604 3837 706 3895 laudes
720 3837 853 3895 canimus

523 3916 572 3974 Ex
586 3918 693 3975 affectu
708 3917 861 3988 cordium3

484 3996 557 4066 Quae
571 4017 602 4055 es
615 3999 648 4055 in
662 3997 808 4074 angustiis

524 4076 565 4134 Et
577 4078 610 4134 in
623 4080 711 4136 rebus
724 4078 824 4136 dubiis

443 4207 445 4212 .
523 4157 610 4215 Salus
623 4165 654 4215 et
667 4159 814 4216 solatium.

483 4236 509 4293 Ο
523 4237 610 4294 stella
622 4239 805 4315 praefulgida,

522 4317 569 4374 Tu
582 4318 648 4374 dira
661 4319 823 4376 certamina

522 4397 618 4455 Maris
631 4397 720 4474 hujus
734 4399 879 4475 reprime;

308 4504 321 4528 ¹
337 4501 450 4548 Ecclesia
460 4503 533 4549 situm
544 4503 731 4550 Sarisburieneis
739 4503 865 4549 manifeste
874 4497 953 4544 innuit
962 4498 1146 4556 pocta-Neale.
