<?xml version="1.0" encoding="UTF-8"?>
<!DOCTYPE html PUBLIC "-//W3C//DTD XHTML 1.0 Transitional//EN"
    "http://www.w3.org/TR/xhtml1/DTD/xhtml1-transitional.dtd">
<html xmlns="http://www.w3.org/1999/xhtml" xml:lang="en" lang="en">
 <head>
  <title>
</title>
<meta http-equiv="Content-Type" content="text/html;charset=utf-8" />
  <meta name='ocr-system' content='tesseract 3.04.00' />
  <meta name='ocr-capabilities' content='ocr_page ocr_carea ocr_par ocr_line ocrx_word'/>
</head>
<body>
  <div class='ocr_page' id='page_1' title='image "./missaleadusumin02churgoog_0106.png"; bbox 0 0 2946 5002; ppageno 0'>
   <div class='ocr_carea' id='block_1_1' title="bbox 103 339 822 434">
    <p class='ocr_par' dir='ltr' id='par_1_1' title="bbox 103 339 822 434">
     <span class='ocr_line' id='line_1_1' title="bbox 103 339 822 434; baseline -0.003 -20"><span class='ocrx_word' id='word_1_1' title='bbox 103 339 188 424; x_wconf 68' lang='lat' dir='ltr'><em>s</em></span> <span class='ocrx_word' id='word_1_2' title='bbox 547 346 643 414; x_wconf 79' lang='lat' dir='ltr'>Festa</span> <span class='ocrx_word' id='word_1_3' title='bbox 663 347 822 434; x_wconf 76' lang='lat' dir='ltr'>Aupusti.</span> 
     </span>
    </p>
   </div>
   <div class='ocr_carea' id='block_1_2' title="bbox 72 512 1283 1622">
    <p class='ocr_par' dir='ltr' id='par_1_2' title="bbox 145 512 546 590">
     <span class='ocr_line' id='line_1_2' title="bbox 145 512 546 590; baseline 0 -20"><span class='ocrx_word' id='word_1_4' title='bbox 145 512 297 590; x_wconf 76' lang='lat' dir='ltr'>Epistola.</span> <span class='ocrx_word' id='word_1_5' title='bbox 333 512 546 589; x_wconf 71' lang='lat' dir='ltr'>Spectaculum.</span> 
     </span>
    </p>

    <p class='ocr_par' dir='ltr' id='par_1_3' title="bbox 148 593 628 654">
     <span class='ocr_line' id='line_1_3' title="bbox 148 593 628 654; baseline -0.006 0"><span class='ocrx_word' id='word_1_6' title='bbox 148 593 284 654; x_wconf 79' lang='lat' dir='ltr'>Grudula</span> <span class='ocrx_word' id='word_1_7' title='bbox 327 594 443 651; x_wconf 78' lang='lat' dir='ltr'>Timete</span> <span class='ocrx_word' id='word_1_8' title='bbox 457 593 628 651; x_wconf 91' lang='lat' dir='ltr'>Dominum.</span> 
     </span>
    </p>

    <p class='ocr_par' dir='ltr' id='par_1_4' title="bbox 145 673 661 752">
     <span class='ocr_line' id='line_1_4' title="bbox 145 673 661 752; baseline -0.002 -19"><span class='ocrx_word' id='word_1_9' title='bbox 145 675 297 752; x_wconf 81' lang='lat' dir='ltr'>Alleluya.</span> <span class='ocrx_word' id='word_1_10' title='bbox 345 673 661 752; x_wconf 65' lang='lat' dir='ltr'>KFulgebuntjusti.</span> 
     </span>
    </p>

    <p class='ocr_par' dir='ltr' id='par_1_5' title="bbox 146 755 641 832">
     <span class='ocr_line' id='line_1_5' title="bbox 146 755 641 832; baseline 0 -20"><span class='ocrx_word' id='word_1_11' title='bbox 146 756 348 832; x_wconf 59' lang='lat' dir='ltr'>Euangelium.</span> <span class='ocrx_word' id='word_1_12' title='bbox 390 755 466 812; x_wconf 82' lang='lat' dir='ltr'>Oum</span> <span class='ocrx_word' id='word_1_13' title='bbox 479 755 641 813; x_wconf 84' lang='lat' dir='ltr'>audieritis.</span> 
     </span>
    </p>

    <p class='ocr_par' dir='ltr' id='par_1_6' title="bbox 149 835 551 910">
     <span class='ocr_line' id='line_1_6' title="bbox 149 835 551 910; baseline -0.005 -15"><span class='ocrx_word' id='word_1_14' title='bbox 149 835 341 910; x_wconf 77' lang='lat' dir='ltr'>Offcrtorium.</span> <span class='ocrx_word' id='word_1_15' title='bbox 384 835 551 894; x_wconf 85' lang='lat' dir='ltr'>Laetamini.</span> 
     </span>
    </p>

    <p class='ocr_par' dir='ltr' id='par_1_7' title="bbox 146 917 269 976">
     <span class='ocr_line' id='line_1_7' title="bbox 146 917 269 976; baseline -0.008 0"><span class='ocrx_word' id='word_1_16' title='bbox 146 917 269 976; x_wconf 77' lang='lat' dir='ltr'>Secreta.</span> 
     </span>
    </p>

    <p class='ocr_par' dir='ltr' id='par_1_8' title="bbox 81 995 1283 1218">
     <span class='ocr_line' id='line_1_8' title="bbox 146 995 1283 1075; baseline 0.001 -19"><span class='ocrx_word' id='word_1_17' title='bbox 146 999 280 1075; x_wconf 89' lang='lat' dir='ltr'>Accepta</span> <span class='ocrx_word' id='word_1_18' title='bbox 292 997 332 1055; x_wconf 91' lang='lat' dir='ltr'>sit</span> <span class='ocrx_word' id='word_1_19' title='bbox 348 995 381 1054; x_wconf 90' lang='lat' dir='ltr'>in</span> <span class='ocrx_word' id='word_1_20' title='bbox 401 1002 560 1074; x_wconf 89' lang='lat' dir='ltr'>conspectu</span> <span class='ocrx_word' id='word_1_21' title='bbox 579 1002 641 1068; x_wconf 90' lang='lat' dir='ltr'>tuo,</span> <span class='ocrx_word' id='word_1_22' title='bbox 656 995 793 1068; x_wconf 85' lang='lat' dir='ltr'><strong>Domine,</strong></span> <span class='ocrx_word' id='word_1_23' title='bbox 809 1002 916 1055; x_wconf 87' lang='lat' dir='ltr'>nostrae</span> <span class='ocrx_word' id='word_1_24' title='bbox 931 997 1096 1055; x_wconf 84' lang='lat' dir='ltr'>devotionis</span> <span class='ocrx_word' id='word_1_25' title='bbox 1117 999 1235 1070; x_wconf 90' lang='lat' dir='ltr'>oblatio,</span> <span class='ocrx_word' id='word_1_26' title='bbox 1253 1007 1283 1058; x_wconf 91' lang='lat' dir='ltr'>et</span> 
     </span>
     <span class='ocr_line' id='line_1_9' title="bbox 81 1077 1280 1156; baseline 0.002 -20"><span class='ocrx_word' id='word_1_27' title='bbox 81 1098 189 1136; x_wconf 87' lang='lat' dir='ltr'>eorum</span> <span class='ocrx_word' id='word_1_28' title='bbox 202 1079 286 1137; x_wconf 91' lang='lat' dir='ltr'>nobis</span> <span class='ocrx_word' id='word_1_29' title='bbox 300 1079 352 1136; x_wconf 91' lang='lat' dir='ltr'>fiat</span> <span class='ocrx_word' id='word_1_30' title='bbox 365 1078 578 1156; x_wconf 74' lang='lat' dir='ltr'>supplicatione</span> <span class='ocrx_word' id='word_1_31' title='bbox 591 1077 728 1136; x_wconf 86' lang='lat' dir='ltr'>salutaris</span> <span class='ocrx_word' id='word_1_32' title='bbox 738 1096 791 1154; x_wconf 90' lang='lat' dir='ltr'>pro</span> <span class='ocrx_word' id='word_1_33' title='bbox 802 1097 927 1154; x_wconf 90' lang='lat' dir='ltr'>quorum</span> <span class='ocrx_word' id='word_1_34' title='bbox 937 1078 1132 1138; x_wconf 75' lang='lat' dir='ltr'>sollemnitate</span> <span class='ocrx_word' id='word_1_35' title='bbox 1142 1080 1280 1138; x_wconf 84' lang='lat' dir='ltr'>defertur.</span> 
     </span>
     <span class='ocr_line' id='line_1_10' title="bbox 83 1159 330 1218; baseline 0 -1"><span class='ocrx_word' id='word_1_36' title='bbox 83 1159 147 1218; x_wconf 90' lang='lat' dir='ltr'>Per</span> <span class='ocrx_word' id='word_1_37' title='bbox 159 1159 330 1218; x_wconf 91' lang='lat' dir='ltr'>Dominum.</span> 
     </span>
    </p>

    <p class='ocr_par' dir='ltr' id='par_1_9' title="bbox 149 1240 533 1318">
     <span class='ocr_line' id='line_1_11' title="bbox 149 1240 533 1318; baseline -0.008 -18"><span class='ocrx_word' id='word_1_38' title='bbox 149 1240 329 1301; x_wconf 79' lang='lat' dir='ltr'>Communia.</span> <span class='ocrx_word' id='word_1_39' title='bbox 361 1240 464 1318; x_wconf 43' lang='lat' dir='ltr'>‘Signa</span> <span class='ocrx_word' id='word_1_40' title='bbox 477 1258 533 1298; x_wconf 90' lang='lat' dir='ltr'>eos.</span> 
     </span>
    </p>

    <p class='ocr_par' dir='ltr' id='par_1_10' title="bbox 146 1321 408 1380">
     <span class='ocr_line' id='line_1_12' title="bbox 146 1321 408 1380; baseline -0.004 -2"><span class='ocrx_word' id='word_1_41' title='bbox 146 1321 408 1380; x_wconf 75' lang='lat' dir='ltr'>Poctcornmuraio.*</span> 
     </span>
    </p>

    <p class='ocr_par' dir='ltr' id='par_1_11' title="bbox 72 1399 1282 1622">
     <span class='ocr_line' id='line_1_13' title="bbox 72 1399 1282 1479; baseline 0 -19"><span class='ocrx_word' id='word_1_42' title='bbox 72 1462 76 1468; x_wconf 71' lang='grc'><em>,</em></span> <span class='ocrx_word' id='word_1_43' title='bbox 146 1402 263 1461; x_wconf 88' lang='lat' dir='ltr'>Refecti</span> <span class='ocrx_word' id='word_1_44' title='bbox 295 1401 521 1479; x_wconf 83' lang='lat' dir='ltr'>participatione</span> <span class='ocrx_word' id='word_1_45' title='bbox 555 1399 685 1458; x_wconf 84' lang='lat' dir='ltr'>muneris</span> <span class='ocrx_word' id='word_1_46' title='bbox 719 1399 801 1471; x_wconf 88' lang='lat' dir='ltr'>sacri,</span> <span class='ocrx_word' id='word_1_47' title='bbox 831 1419 1006 1476; x_wconf 86' lang='lat' dir='ltr'>quaesumus,</span> <span class='ocrx_word' id='word_1_48' title='bbox 1035 1400 1164 1458; x_wconf 85' lang='lat' dir='ltr'>Domine</span> <span class='ocrx_word' id='word_1_49' title='bbox 1199 1401 1282 1461; x_wconf 87' lang='lat' dir='ltr'>Deus</span> 
     </span>
     <span class='ocr_line' id='line_1_14' title="bbox 83 1479 1282 1558; baseline 0.003 -19"><span class='ocrx_word' id='word_1_50' title='bbox 83 1489 194 1556; x_wconf 88' lang='lat' dir='ltr'>noster,</span> <span class='ocrx_word' id='word_1_51' title='bbox 217 1488 253 1540; x_wconf 90' lang='lat' dir='ltr'>ut</span> <span class='ocrx_word' id='word_1_52' title='bbox 276 1493 402 1558; x_wconf 81' lang='lat' dir='ltr'>quorum</span> <span class='ocrx_word' id='word_1_53' title='bbox 425 1481 614 1558; x_wconf 86' lang='lat' dir='ltr'>exsequimur</span> <span class='ocrx_word' id='word_1_54' title='bbox 637 1479 751 1539; x_wconf 87' lang='lat' dir='ltr'>cultum</span> <span class='ocrx_word' id='word_1_55' title='bbox 774 1482 934 1539; x_wconf 78' lang='lat' dir='ltr'>sentiamus</span> <span class='ocrx_word' id='word_1_56' title='bbox 960 1482 1104 1541; x_wconf 85' lang='lat' dir='ltr'>effectum.</span> <span class='ocrx_word' id='word_1_57' title='bbox 1147 1480 1205 1541; x_wconf 91' lang='lat' dir='ltr'>Per</span> <span class='ocrx_word' id='word_1_58' title='bbox 1223 1483 1282 1542; x_wconf 84' lang='lat' dir='ltr'>Do</span> 
     </span>
     <span class='ocr_line' id='line_1_15' title="bbox 84 1564 358 1622; baseline -0.011 0"><span class='ocrx_word' id='word_1_59' title='bbox 84 1564 202 1622; x_wconf 92' lang='lat' dir='ltr'>minum</span> <span class='ocrx_word' id='word_1_60' title='bbox 215 1568 358 1621; x_wconf 90' lang='lat' dir='ltr'>nostrum.</span> 
     </span>
    </p>
   </div>
   <div class='ocr_carea' id='block_1_3' title="bbox 148 1721 1178 1903">
    <p class='ocr_par' dir='ltr' id='par_1_12' title="bbox 148 1721 1178 1903">
     <span class='ocr_line' id='line_1_16' title="bbox 216 1721 1178 1806; baseline 0.003 -25"><span class='ocrx_word' id='word_1_61' title='bbox 216 1723 256 1781; x_wconf 83' lang='lat' dir='ltr'>Iu</span> <span class='ocrx_word' id='word_1_62' title='bbox 275 1722 407 1781; x_wconf 79' lang='lat' dir='ltr'>Vromm</span> <span class='ocrx_word' id='word_1_63' title='bbox 426 1737 532 1781; x_wconf 76' lang='lat' dir='ltr'>smum</span> <span class='ocrx_word' id='word_1_64' title='bbox 553 1721 738 1792; x_wconf 77' lang='lat' dir='ltr'>Laususrn,</span> <span class='ocrx_word' id='word_1_65' title='bbox 761 1739 921 1782; x_wconf 73' lang='lat' dir='ltr'>umrrnrs.</span> <span class='ocrx_word' id='word_1_66' title='bbox 966 1725 1005 1805; x_wconf 85' lang='lat' dir='ltr'>(v.</span> <span class='ocrx_word' id='word_1_67' title='bbox 1021 1725 1068 1784; x_wconf 91' lang='lat' dir='ltr'>Id.</span> <span class='ocrx_word' id='word_1_68' title='bbox 1084 1726 1178 1806; x_wconf 85' lang='lat' dir='ltr'>Aug.)</span> 
     </span>
     <span class='ocr_line' id='line_1_17' title="bbox 148 1826 1069 1903; baseline 0.005 -17"><span class='ocrx_word' id='word_1_69' title='bbox 148 1826 289 1903; x_wconf 82' lang='lat' dir='ltr'>Officium.</span> <span class='ocrx_word' id='word_1_70' title='bbox 1066 1840 1069 1846; x_wconf 58' lang='lat'><strong><em>⁴</em></strong></span> 
     </span>
    </p>
   </div>
   <div class='ocr_carea' id='block_1_4' title="bbox 82 1907 1280 4246">
    <p class='ocr_par' dir='ltr' id='par_1_13' title="bbox 83 1907 1280 2067">
     <span class='ocr_line' id='line_1_18' title="bbox 146 1907 1280 1985; baseline 0.006 -19"><span class='ocrx_word' id='word_1_71' title='bbox 146 1909 300 1985; x_wconf 85' lang='lat' dir='ltr'>Dispersit,</span> <span class='ocrx_word' id='word_1_72' title='bbox 316 1909 398 1966; x_wconf 87' lang='lat' dir='ltr'>dedit</span> <span class='ocrx_word' id='word_1_73' title='bbox 413 1908 610 1985; x_wconf 84' lang='lat' dir='ltr'>pauperibus:</span> <span class='ocrx_word' id='word_1_74' title='bbox 628 1907 749 1984; x_wconf 87' lang='lat' dir='ltr'>justitia</span> <span class='ocrx_word' id='word_1_75' title='bbox 763 1909 826 1984; x_wconf 87' lang='lat' dir='ltr'>ejus</span> <span class='ocrx_word' id='word_1_76' title='bbox 839 1917 940 1968; x_wconf 92' lang='lat' dir='ltr'>manet</span> <span class='ocrx_word' id='word_1_77' title='bbox 959 1910 992 1967; x_wconf 93' lang='lat' dir='ltr'>in</span> <span class='ocrx_word' id='word_1_78' title='bbox 1012 1911 1151 1970; x_wconf 84' lang='lat' dir='ltr'>saeculum</span> <span class='ocrx_word' id='word_1_79' title='bbox 1164 1916 1280 1974; x_wconf 85' lang='lat' dir='ltr'>saeculi:</span> 
     </span>
     <span class='ocr_line' id='line_1_19' title="bbox 83 1989 608 2067; baseline -0.002 -20"><span class='ocrx_word' id='word_1_80' title='bbox 83 2009 176 2047; x_wconf 89' lang='lat' dir='ltr'>cornu</span> <span class='ocrx_word' id='word_1_81' title='bbox 190 1992 253 2067; x_wconf 89' lang='lat' dir='ltr'>ejus</span> <span class='ocrx_word' id='word_1_82' title='bbox 267 1990 449 2048; x_wconf 86' lang='lat' dir='ltr'>exaltabitur</span> <span class='ocrx_word' id='word_1_83' title='bbox 461 1989 495 2046; x_wconf 93' lang='lat' dir='ltr'>in</span> <span class='ocrx_word' id='word_1_84' title='bbox 507 1989 608 2066; x_wconf 89' lang='lat' dir='ltr'>gloria.</span> 
     </span>
    </p>

    <p class='ocr_par' dir='ltr' id='par_1_14' title="bbox 146 2071 291 2129">
     <span class='ocr_line' id='line_1_20' title="bbox 146 2071 291 2129; baseline -0.007 -1"><span class='ocrx_word' id='word_1_85' title='bbox 146 2071 291 2129; x_wconf 77' lang='lat' dir='ltr'>Psubnas.</span> 
     </span>
    </p>

    <p class='ocr_par' dir='ltr' id='par_1_15' title="bbox 145 2149 1175 2228">
     <span class='ocr_line' id='line_1_21' title="bbox 145 2149 1175 2228; baseline 0.003 -19"><span class='ocrx_word' id='word_1_86' title='bbox 145 2151 256 2209; x_wconf 86' lang='lat' dir='ltr'>Beatus</span> <span class='ocrx_word' id='word_1_87' title='bbox 269 2151 318 2208; x_wconf 85' lang='lat' dir='ltr'>vir</span> <span class='ocrx_word' id='word_1_88' title='bbox 331 2151 383 2228; x_wconf 91' lang='lat' dir='ltr'>qui</span> <span class='ocrx_word' id='word_1_89' title='bbox 396 2150 483 2209; x_wconf 90' lang='lat' dir='ltr'>timet</span> <span class='ocrx_word' id='word_1_90' title='bbox 498 2149 680 2208; x_wconf 90' lang='lat' dir='ltr'>Dominum:</span> <span class='ocrx_word' id='word_1_91' title='bbox 700 2149 733 2206; x_wconf 91' lang='lat' dir='ltr'>in</span> <span class='ocrx_word' id='word_1_92' title='bbox 746 2149 895 2208; x_wconf 86' lang='lat' dir='ltr'>mandatis</span> <span class='ocrx_word' id='word_1_93' title='bbox 909 2151 972 2227; x_wconf 89' lang='lat' dir='ltr'>ejus</span> <span class='ocrx_word' id='word_1_94' title='bbox 985 2152 1066 2210; x_wconf 87' lang='lat' dir='ltr'>uolet</span> <span class='ocrx_word' id='word_1_95' title='bbox 1079 2153 1175 2212; x_wconf 85' lang='lat' dir='ltr'>nimis.</span> 
     </span>
    </p>

    <p class='ocr_par' dir='ltr' id='par_1_16' title="bbox 148 2232 258 2291">
     <span class='ocr_line' id='line_1_22' title="bbox 148 2232 258 2291; baseline -0.009 0"><span class='ocrx_word' id='word_1_96' title='bbox 148 2232 258 2291; x_wconf 82' lang='lat' dir='ltr'>Oratio.</span> 
     </span>
    </p>

    <p class='ocr_par' dir='ltr' id='par_1_17' title="bbox 84 2311 1280 2551">
     <span class='ocr_line' id='line_1_23' title="bbox 143 2311 1280 2388; baseline 0.004 -18"><span class='ocrx_word' id='word_1_97' title='bbox 143 2313 265 2386; x_wconf 87' lang='lat' dir='ltr'>Adesto,</span> <span class='ocrx_word' id='word_1_98' title='bbox 295 2312 431 2385; x_wconf 91' lang='lat' dir='ltr'>Domine,</span> <span class='ocrx_word' id='word_1_99' title='bbox 461 2311 723 2388; x_wconf 82' lang='lat' dir='ltr'>supplicationibus</span> <span class='ocrx_word' id='word_1_100' title='bbox 743 2311 859 2382; x_wconf 90' lang='lat' dir='ltr'>nostris,</span> <span class='ocrx_word' id='word_1_101' title='bbox 888 2318 919 2370; x_wconf 89' lang='lat' dir='ltr'>et</span> <span class='ocrx_word' id='word_1_102' title='bbox 945 2312 1153 2373; x_wconf 81' lang='lat' dir='ltr'>intercessione</span> <span class='ocrx_word' id='word_1_103' title='bbox 1185 2318 1280 2374; x_wconf 83' lang='lat' dir='ltr'>sancti</span> 
     </span>
     <span class='ocr_line' id='line_1_24' title="bbox 84 2392 1279 2474; baseline 0.003 -23"><span class='ocrx_word' id='word_1_104' title='bbox 84 2393 240 2451; x_wconf 85' lang='lat' dir='ltr'>Laurentii</span> <span class='ocrx_word' id='word_1_105' title='bbox 262 2395 401 2470; x_wconf 85' lang='lat' dir='ltr'>martyris</span> <span class='ocrx_word' id='word_1_106' title='bbox 424 2393 471 2450; x_wconf 92' lang='lat' dir='ltr'>tui</span> <span class='ocrx_word' id='word_1_107' title='bbox 494 2397 668 2469; x_wconf 85' lang='lat' dir='ltr'>perpetuam</span> <span class='ocrx_word' id='word_1_108' title='bbox 694 2392 779 2450; x_wconf 88' lang='lat' dir='ltr'>nobis</span> <span class='ocrx_word' id='word_1_109' title='bbox 800 2392 1029 2453; x_wconf 81' lang='lat' dir='ltr'>misericordium</span> <span class='ocrx_word' id='word_1_110' title='bbox 1056 2396 1199 2474; x_wconf 86' lang='lat' dir='ltr'>benignus</span> <span class='ocrx_word' id='word_1_111' title='bbox 1226 2398 1279 2455; x_wconf 82' lang='lat' dir='ltr'>im-</span> 
     </span>
     <span class='ocr_line' id='line_1_25' title="bbox 85 2474 296 2551; baseline 0.005 -19"><span class='ocrx_word' id='word_1_112' title='bbox 85 2474 186 2551; x_wconf 88' lang='lat' dir='ltr'>pende.</span> <span class='ocrx_word' id='word_1_113' title='bbox 230 2474 296 2533; x_wconf 90' lang='lat' dir='ltr'>Per.</span> 
     </span>
    </p>

    <p class='ocr_par' dir='ltr' id='par_1_18' title="bbox 145 2553 601 2613">
     <span class='ocr_line' id='line_1_26' title="bbox 145 2553 601 2613; baseline -0.007 0"><span class='ocrx_word' id='word_1_114' title='bbox 145 2555 290 2613; x_wconf 84' lang='lat' dir='ltr'>Memoria</span> <span class='ocrx_word' id='word_1_115' title='bbox 304 2555 337 2613; x_wconf 87' lang='lat' dir='ltr'>dc</span> <span class='ocrx_word' id='word_1_116' title='bbox 350 2563 447 2613; x_wconf 78' lang='lat' dir='ltr'>sancto</span> <span class='ocrx_word' id='word_1_117' title='bbox 460 2553 601 2613; x_wconf 79' lang='lat' dir='ltr'>Romano.</span> 
     </span>
    </p>

    <p class='ocr_par' dir='ltr' id='par_1_19' title="bbox 145 2635 286 2712">
     <span class='ocr_line' id='line_1_27' title="bbox 145 2635 286 2712; baseline 0 -20"><span class='ocrx_word' id='word_1_118' title='bbox 145 2635 286 2712; x_wconf 77' lang='lat' dir='ltr'>Epistola.</span> 
     </span>
    </p>

    <p class='ocr_par' dir='ltr' id='par_1_20' title="bbox 144 2711 1069 2791">
     <span class='ocr_line' id='line_1_28' title="bbox 144 2711 1069 2791; baseline 0 -17"><span class='ocrx_word' id='word_1_119' title='bbox 144 2716 313 2774; x_wconf 74' lang='lat' dir='ltr'>Confitebor</span> <span class='ocrx_word' id='word_1_120' title='bbox 326 2715 383 2773; x_wconf 89' lang='lat' dir='ltr'>tibi</span> <span class='ocrx_word' id='word_1_121' title='bbox 396 2716 524 2773; x_wconf 87' lang='lat' dir='ltr'>Domine</span> <span class='ocrx_word' id='word_1_122' title='bbox 537 2734 599 2785; x_wconf 83' lang='lat' dir='ltr'>rex,</span> <span class='ocrx_word' id='word_1_123' title='bbox 614 2713 649 2772; x_wconf 76' lang='lat' dir='ltr'>irc</span> <span class='ocrx_word' id='word_1_124' title='bbox 663 2711 821 2773; x_wconf 70' lang='lat' dir='ltr'>Communi</span> <span class='ocrx_word' id='word_1_125' title='bbox 833 2714 926 2772; x_wconf 80' lang='lat' dir='ltr'>uniar</span> <span class='ocrx_word' id='word_1_126' title='bbox 938 2713 1069 2791; x_wconf 72' lang='lat' dir='ltr'>cirqiuia</span> 
     </span>
    </p>

    <p class='ocr_par' dir='ltr' id='par_1_21' title="bbox 147 2796 282 2855">
     <span class='ocr_line' id='line_1_29' title="bbox 147 2796 282 2855; baseline -0.007 0"><span class='ocrx_word' id='word_1_127' title='bbox 147 2796 282 2855; x_wconf 77' lang='lat' dir='ltr'>Gradulc.</span> 
     </span>
    </p>

    <p class='ocr_par' dir='ltr' id='par_1_22' title="bbox 90 2875 1245 3032">
     <span class='ocr_line' id='line_1_30' title="bbox 144 2875 1245 2955; baseline 0.003 -20"><span class='ocrx_word' id='word_1_128' title='bbox 144 2878 302 2955; x_wconf 85' lang='lat' dir='ltr'>Dispersit,</span> <span class='ocrx_word' id='word_1_129' title='bbox 317 2877 398 2935; x_wconf 87' lang='lat' dir='ltr'>dedit</span> <span class='ocrx_word' id='word_1_130' title='bbox 407 2877 601 2954; x_wconf 88' lang='lat' dir='ltr'>pauperibus:</span> <span class='ocrx_word' id='word_1_131' title='bbox 617 2875 737 2951; x_wconf 86' lang='lat' dir='ltr'>justitia</span> <span class='ocrx_word' id='word_1_132' title='bbox 750 2876 813 2952; x_wconf 88' lang='lat' dir='ltr'>ejus</span> <span class='ocrx_word' id='word_1_133' title='bbox 826 2881 926 2934; x_wconf 91' lang='lat' dir='ltr'>manet</span> <span class='ocrx_word' id='word_1_134' title='bbox 939 2876 972 2933; x_wconf 90' lang='lat' dir='ltr'>in</span> <span class='ocrx_word' id='word_1_135' title='bbox 985 2878 1126 2941; x_wconf 82' lang='lat' dir='ltr'>saeculum</span> <span class='ocrx_word' id='word_1_136' title='bbox 1139 2882 1245 2940; x_wconf 86' lang='lat' dir='ltr'>saeculi</span> 
     </span>
     <span class='ocr_line' id='line_1_31' title="bbox 90 2957 1209 3032; baseline 0.002 -15"><span class='ocrx_word' id='word_1_137' title='bbox 90 2958 119 3017; x_wconf 81' lang='lat' dir='ltr'>V.</span> <span class='ocrx_word' id='word_1_138' title='bbox 142 2959 252 3017; x_wconf 93' lang='lat' dir='ltr'>Potens</span> <span class='ocrx_word' id='word_1_139' title='bbox 266 2959 296 3015; x_wconf 91' lang='lat' dir='ltr'>in</span> <span class='ocrx_word' id='word_1_140' title='bbox 311 2965 391 3016; x_wconf 87' lang='lat' dir='ltr'>terra</span> <span class='ocrx_word' id='word_1_141' title='bbox 405 2958 462 3015; x_wconf 91' lang='lat' dir='ltr'>erit</span> <span class='ocrx_word' id='word_1_142' title='bbox 475 2976 573 3016; x_wconf 87' lang='lat' dir='ltr'>semen</span> <span class='ocrx_word' id='word_1_143' title='bbox 588 2957 668 3032; x_wconf 89' lang='lat' dir='ltr'>ejus:</span> <span class='ocrx_word' id='word_1_144' title='bbox 688 2957 838 3032; x_wconf 88' lang='lat' dir='ltr'>generatio</span> <span class='ocrx_word' id='word_1_145' title='bbox 851 2963 999 3015; x_wconf 89' lang='lat' dir='ltr'>rectorum</span> <span class='ocrx_word' id='word_1_146' title='bbox 1012 2960 1209 3019; x_wconf 86' lang='lat' dir='ltr'>benedicetur.</span> 
     </span>
    </p>

    <p class='ocr_par' dir='ltr' id='par_1_23' title="bbox 144 3036 860 3114">
     <span class='ocr_line' id='line_1_32' title="bbox 144 3036 860 3114; baseline -0.003 -16"><span class='ocrx_word' id='word_1_147' title='bbox 144 3039 180 3098; x_wconf 74' lang='lat' dir='ltr'>Si</span> <span class='ocrx_word' id='word_1_148' title='bbox 192 3039 350 3098; x_wconf 79' lang='lat' dir='ltr'>Doruircico</span> <span class='ocrx_word' id='word_1_149' title='bbox 363 3039 409 3109; x_wconf 85' lang='lat' dir='ltr'>sit,</span> <span class='ocrx_word' id='word_1_150' title='bbox 431 3038 580 3114; x_wconf 86' lang='lat' dir='ltr'>Alleluya.</span> <span class='ocrx_word' id='word_1_151' title='bbox 630 3036 659 3095; x_wconf 81' lang='lat' dir='ltr'>V.</span> <span class='ocrx_word' id='word_1_152' title='bbox 682 3036 793 3095; x_wconf 83' lang='lat' dir='ltr'>Beatus</span> <span class='ocrx_word' id='word_1_153' title='bbox 806 3038 860 3096; x_wconf 84' lang='lat' dir='ltr'>vir.</span> 
     </span>
    </p>

    <p class='ocr_par' dir='ltr' id='par_1_24' title="bbox 144 3117 992 3196">
     <span class='ocr_line' id='line_1_33' title="bbox 144 3117 992 3196; baseline -0.001 -19"><span class='ocrx_word' id='word_1_154' title='bbox 144 3119 345 3196; x_wconf 67' lang='lat' dir='ltr'>Euanqeiicun.</span> <span class='ocrx_word' id='word_1_155' title='bbox 388 3118 554 3178; x_wconf 74' lang='lat' dir='ltr'>Secundum</span> <span class='ocrx_word' id='word_1_156' title='bbox 567 3117 751 3176; x_wconf 80' lang='lat' dir='ltr'>Muttboeum.</span> <span class='ocrx_word' id='word_1_157' title='bbox 794 3117 827 3175; x_wconf 85' lang='lat' dir='ltr'>Si</span> <span class='ocrx_word' id='word_1_158' title='bbox 840 3118 906 3194; x_wconf 88' lang='lat' dir='ltr'>quis</span> <span class='ocrx_word' id='word_1_159' title='bbox 919 3119 992 3176; x_wconf 92' lang='lat' dir='ltr'>vult.</span> 
     </span>
    </p>

    <p class='ocr_par' dir='ltr' id='par_1_25' title="bbox 146 3200 340 3275">
     <span class='ocr_line' id='line_1_34' title="bbox 146 3200 340 3275; baseline -0.01 -15"><span class='ocrx_word' id='word_1_160' title='bbox 146 3200 340 3275; x_wconf 73' lang='lat' dir='ltr'>Offlrtorium.</span> 
     </span>
    </p>

    <p class='ocr_par' dir='ltr' id='par_1_26' title="bbox 84 3277 1278 3520">
     <span class='ocr_line' id='line_1_35' title="bbox 144 3277 1276 3355; baseline 0 -15"><span class='ocrx_word' id='word_1_161' title='bbox 144 3282 248 3340; x_wconf 89' lang='lat' dir='ltr'>Oratio</span> <span class='ocrx_word' id='word_1_162' title='bbox 262 3300 327 3339; x_wconf 90' lang='lat' dir='ltr'>mea</span> <span class='ocrx_word' id='word_1_163' title='bbox 340 3281 451 3338; x_wconf 92' lang='lat' dir='ltr'>munda</span> <span class='ocrx_word' id='word_1_164' title='bbox 464 3287 526 3339; x_wconf 89' lang='lat' dir='ltr'>est:</span> <span class='ocrx_word' id='word_1_165' title='bbox 547 3285 578 3337; x_wconf 92' lang='lat' dir='ltr'>et</span> <span class='ocrx_word' id='word_1_166' title='bbox 590 3279 656 3336; x_wconf 88' lang='lat' dir='ltr'>ideo</span> <span class='ocrx_word' id='word_1_167' title='bbox 669 3283 738 3355; x_wconf 90' lang='lat' dir='ltr'>peto</span> <span class='ocrx_word' id='word_1_168' title='bbox 751 3283 787 3335; x_wconf 92' lang='lat' dir='ltr'>ut</span> <span class='ocrx_word' id='word_1_169' title='bbox 800 3277 887 3335; x_wconf 90' lang='lat' dir='ltr'>detur</span> <span class='ocrx_word' id='word_1_170' title='bbox 900 3279 980 3336; x_wconf 89' lang='lat' dir='ltr'>locus</span> <span class='ocrx_word' id='word_1_171' title='bbox 990 3281 1056 3337; x_wconf 86' lang='lat' dir='ltr'>voci</span> <span class='ocrx_word' id='word_1_172' title='bbox 1068 3300 1141 3338; x_wconf 89' lang='lat' dir='ltr'>meae</span> <span class='ocrx_word' id='word_1_173' title='bbox 1155 3283 1276 3352; x_wconf 84' lang='lat' dir='ltr'>incaelo,</span> 
     </span>
     <span class='ocr_line' id='line_1_36' title="bbox 84 3359 1278 3441; baseline -0.001 -20"><span class='ocrx_word' id='word_1_174' title='bbox 84 3363 154 3441; x_wconf 91' lang='lat' dir='ltr'>quia</span> <span class='ocrx_word' id='word_1_175' title='bbox 173 3363 217 3421; x_wconf 92' lang='lat' dir='ltr'>ibi</span> <span class='ocrx_word' id='word_1_176' title='bbox 236 3367 281 3420; x_wconf 89' lang='lat' dir='ltr'>est</span> <span class='ocrx_word' id='word_1_177' title='bbox 296 3362 391 3439; x_wconf 85' lang='lat' dir='ltr'>judex</span> <span class='ocrx_word' id='word_1_178' title='bbox 411 3381 492 3419; x_wconf 89' lang='lat' dir='ltr'>meus</span> <span class='ocrx_word' id='word_1_179' title='bbox 516 3367 547 3418; x_wconf 90' lang='lat' dir='ltr'>et</span> <span class='ocrx_word' id='word_1_180' title='bbox 570 3359 701 3418; x_wconf 89' lang='lat' dir='ltr'>conscius</span> <span class='ocrx_word' id='word_1_181' title='bbox 725 3377 807 3417; x_wconf 88' lang='lat' dir='ltr'>meus</span> <span class='ocrx_word' id='word_1_182' title='bbox 830 3359 863 3416; x_wconf 92' lang='lat' dir='ltr'>in</span> <span class='ocrx_word' id='word_1_183' title='bbox 887 3366 1048 3432; x_wconf 86' lang='lat' dir='ltr'>aeternum:</span> <span class='ocrx_word' id='word_1_184' title='bbox 1079 3362 1216 3419; x_wconf 85' lang='lat' dir='ltr'>ascendat</span> <span class='ocrx_word' id='word_1_185' title='bbox 1240 3365 1278 3420; x_wconf 90' lang='lat' dir='ltr'>ad</span> 
     </span>
     <span class='ocr_line' id='line_1_37' title="bbox 84 3442 512 3520; baseline -0.007 -17"><span class='ocrx_word' id='word_1_186' title='bbox 84 3444 249 3503; x_wconf 91' lang='lat' dir='ltr'>Dominum</span> <span class='ocrx_word' id='word_1_187' title='bbox 262 3442 426 3520; x_wconf 87' lang='lat' dir='ltr'>deprecatio</span> <span class='ocrx_word' id='word_1_188' title='bbox 439 3462 512 3501; x_wconf 93' lang='lat' dir='ltr'>mea.</span> 
     </span>
    </p>

    <p class='ocr_par' dir='ltr' id='par_1_27' title="bbox 144 3524 266 3591">
     <span class='ocr_line' id='line_1_38' title="bbox 144 3524 266 3591; baseline -0.008 -8"><span class='ocrx_word' id='word_1_189' title='bbox 144 3524 266 3591; x_wconf 80' lang='lat' dir='ltr'>Secreta</span> 
     </span>
    </p>

    <p class='ocr_par' dir='ltr' id='par_1_28' title="bbox 82 3600 1278 3833">
     <span class='ocr_line' id='line_1_39' title="bbox 144 3600 1278 3680; baseline -0.004 -18"><span class='ocrx_word' id='word_1_190' title='bbox 144 3605 275 3678; x_wconf 86' lang='lat' dir='ltr'>Hostias,</span> <span class='ocrx_word' id='word_1_191' title='bbox 299 3605 436 3676; x_wconf 90' lang='lat' dir='ltr'>Domine,</span> <span class='ocrx_word' id='word_1_192' title='bbox 461 3623 533 3680; x_wconf 91' lang='lat' dir='ltr'>quas</span> <span class='ocrx_word' id='word_1_193' title='bbox 559 3603 616 3660; x_wconf 83' lang='lat' dir='ltr'>tibi</span> <span class='ocrx_word' id='word_1_194' title='bbox 643 3601 791 3660; x_wconf 87' lang='lat' dir='ltr'>offerimus</span> <span class='ocrx_word' id='word_1_195' title='bbox 817 3600 961 3677; x_wconf 89' lang='lat' dir='ltr'>propitius</span> <span class='ocrx_word' id='word_1_196' title='bbox 985 3601 1105 3679; x_wconf 84' lang='lat' dir='ltr'>suscipe,</span> <span class='ocrx_word' id='word_1_197' title='bbox 1131 3607 1162 3658; x_wconf 89' lang='lat' dir='ltr'>et</span> <span class='ocrx_word' id='word_1_198' title='bbox 1188 3602 1278 3659; x_wconf 86' lang='lat' dir='ltr'>inter-</span> 
     </span>
     <span class='ocr_line' id='line_1_40' title="bbox 82 3681 1276 3760; baseline -0.004 -16"><span class='ocrx_word' id='word_1_199' title='bbox 82 3686 204 3745; x_wconf 88' lang='lat' dir='ltr'>cedente</span> <span class='ocrx_word' id='word_1_200' title='bbox 230 3687 317 3744; x_wconf 83' lang='lat' dir='ltr'>beuto</span> <span class='ocrx_word' id='word_1_201' title='bbox 339 3685 501 3743; x_wconf 88' lang='lat' dir='ltr'>Laurentio</span> <span class='ocrx_word' id='word_1_202' title='bbox 521 3689 651 3760; x_wconf 84' lang='lat' dir='ltr'>martyre</span> <span class='ocrx_word' id='word_1_203' title='bbox 677 3689 739 3756; x_wconf 91' lang='lat' dir='ltr'>tuo,</span> <span class='ocrx_word' id='word_1_204' title='bbox 761 3681 880 3739; x_wconf 75' lang='lat' dir='ltr'>vincula</span> <span class='ocrx_word' id='word_1_205' title='bbox 902 3688 1087 3758; x_wconf 89' lang='lat' dir='ltr'>peccatorum</span> <span class='ocrx_word' id='word_1_206' title='bbox 1107 3688 1276 3740; x_wconf 88' lang='lat' dir='ltr'>nostrorum</span> 
     </span>
     <span class='ocr_line' id='line_1_41' title="bbox 83 3766 958 3833; baseline -0.003 -8"><span class='ocrx_word' id='word_1_207' title='bbox 83 3767 209 3833; x_wconf 78' lang='lat' dir='ltr'>absolve.</span> <span class='ocrx_word' id='word_1_208' title='bbox 253 3766 318 3824; x_wconf 91' lang='lat' dir='ltr'>Per.</span> <span class='ocrx_word' id='word_1_209' title='bbox 956 3798 958 3803; x_wconf 70' lang='lat'><em>,</em></span> 
     </span>
    </p>

    <p class='ocr_par' dir='ltr' id='par_1_29' title="bbox 145 3844 631 3916">
     <span class='ocr_line' id='line_1_42' title="bbox 145 3844 631 3916; baseline -0.004 -10"><span class='ocrx_word' id='word_1_210' title='bbox 145 3846 326 3906; x_wconf 76' lang='lat' dir='ltr'>Communia</span> <span class='ocrx_word' id='word_1_211' title='bbox 369 3846 429 3916; x_wconf 78' lang='lat' dir='ltr'>Qui</span> <span class='ocrx_word' id='word_1_212' title='bbox 444 3845 509 3904; x_wconf 88' lang='lat' dir='ltr'>vult</span> <span class='ocrx_word' id='word_1_213' title='bbox 522 3844 631 3904; x_wconf 89' lang='lat' dir='ltr'>venire.</span> 
     </span>
    </p>

    <p class='ocr_par' dir='ltr' id='par_1_30' title="bbox 143 3928 384 3986">
     <span class='ocr_line' id='line_1_43' title="bbox 143 3928 384 3986; baseline -0.004 -1"><span class='ocrx_word' id='word_1_214' title='bbox 143 3928 384 3986; x_wconf 78' lang='lat' dir='ltr'>Poatcorumaraio.</span> 
     </span>
    </p>

    <p class='ocr_par' dir='ltr' id='par_1_31' title="bbox 82 4002 1277 4246">
     <span class='ocr_line' id='line_1_44' title="bbox 144 4002 1277 4085; baseline -0.004 -19"><span class='ocrx_word' id='word_1_215' title='bbox 144 4009 200 4081; x_wconf 87' lang='lat' dir='ltr'>Da,</span> <span class='ocrx_word' id='word_1_216' title='bbox 230 4027 405 4085; x_wconf 83' lang='lat' dir='ltr'>quaesumus,</span> <span class='ocrx_word' id='word_1_217' title='bbox 432 4007 561 4066; x_wconf 91' lang='lat' dir='ltr'>Domine</span> <span class='ocrx_word' id='word_1_218' title='bbox 579 4005 670 4065; x_wconf 77' lang='lat' dir='ltr'>&#39;Deus</span> <span class='ocrx_word' id='word_1_219' title='bbox 696 4009 806 4076; x_wconf 91' lang='lat' dir='ltr'>noster,</span> <span class='ocrx_word' id='word_1_220' title='bbox 835 4008 870 4061; x_wconf 92' lang='lat' dir='ltr'>ut</span> <span class='ocrx_word' id='word_1_221' title='bbox 903 4003 980 4060; x_wconf 89' lang='lat' dir='ltr'>sicut</span> <span class='ocrx_word' id='word_1_222' title='bbox 1010 4003 1090 4060; x_wconf 88' lang='lat' dir='ltr'>beati</span> <span class='ocrx_word' id='word_1_223' title='bbox 1120 4002 1277 4063; x_wconf 86' lang='lat' dir='ltr'>Laurentii</span> 
     </span>
     <span class='ocr_line' id='line_1_45' title="bbox 84 4083 1276 4165; baseline -0.004 -18"><span class='ocrx_word' id='word_1_224' title='bbox 84 4090 223 4165; x_wconf 83' lang='lat' dir='ltr'>martyris</span> <span class='ocrx_word' id='word_1_225' title='bbox 236 4091 283 4148; x_wconf 92' lang='lat' dir='ltr'>tui</span> <span class='ocrx_word' id='word_1_226' title='bbox 296 4089 571 4147; x_wconf 86' lang='lat' dir='ltr'>commemoratione</span> <span class='ocrx_word' id='word_1_227' title='bbox 590 4086 746 4162; x_wconf 88' lang='lat' dir='ltr'>temporali</span> <span class='ocrx_word' id='word_1_228' title='bbox 765 4085 948 4160; x_wconf 82' lang='lat' dir='ltr'>gratulamur</span> <span class='ocrx_word' id='word_1_229' title='bbox 961 4085 1062 4153; x_wconf 90' lang='lat' dir='ltr'>officio,</span> <span class='ocrx_word' id='word_1_230' title='bbox 1077 4083 1121 4140; x_wconf 89' lang='lat' dir='ltr'>ita</span> <span class='ocrx_word' id='word_1_231' title='bbox 1134 4090 1276 4160; x_wconf 87' lang='lat' dir='ltr'>perpetuo</span> 
     </span>
     <span class='ocr_line' id='line_1_46' title="bbox 82 4163 1276 4246; baseline -0.005 -18"><span class='ocrx_word' id='word_1_232' title='bbox 82 4170 217 4228; x_wconf 87' lang='lat' dir='ltr'>laetemur</span> <span class='ocrx_word' id='word_1_233' title='bbox 242 4176 370 4246; x_wconf 88' lang='lat' dir='ltr'>aspectu.</span> <span class='ocrx_word' id='word_1_234' title='bbox 426 4170 485 4226; x_wconf 88' lang='lat' dir='ltr'>Per</span> <span class='ocrx_word' id='word_1_235' title='bbox 512 4167 676 4227; x_wconf 87' lang='lat' dir='ltr'>Dominum</span> <span class='ocrx_word' id='word_1_236' title='bbox 702 4171 837 4222; x_wconf 86' lang='lat' dir='ltr'>nostrum</span> <span class='ocrx_word' id='word_1_237' title='bbox 863 4165 885 4222; x_wconf 87' lang='lat' dir='ltr'><strong>J</strong></span> <span class='ocrx_word' id='word_1_238' title='bbox 887 4184 968 4222; x_wconf 90' lang='lat' dir='ltr'>esum</span> <span class='ocrx_word' id='word_1_239' title='bbox 993 4163 1145 4222; x_wconf 76' lang='lat' dir='ltr'>Christum</span> <span class='ocrx_word' id='word_1_240' title='bbox 1165 4164 1276 4224; x_wconf 83' lang='lat' dir='ltr'>Filium</span> 
     </span>
    </p>
   </div>
   <div class='ocr_carea' id='block_1_5' title="bbox 82 4250 488 4321">
    <p class='ocr_par' dir='ltr' id='par_1_32' title="bbox 82 4250 488 4321">
     <span class='ocr_line' id='line_1_47' title="bbox 82 4250 488 4321; baseline -0.002 -13"><span class='ocrx_word' id='word_1_241' title='bbox 82 4256 177 4310; x_wconf 90' lang='lat' dir='ltr'>tuum.</span> <span class='ocrx_word' id='word_1_242' title='bbox 220 4252 280 4321; x_wconf 78' lang='lat' dir='ltr'>Qui</span> <span class='ocrx_word' id='word_1_243' title='bbox 292 4257 391 4309; x_wconf 90' lang='lat' dir='ltr'>tecum</span> <span class='ocrx_word' id='word_1_244' title='bbox 404 4250 488 4308; x_wconf 80' lang='lat' dir='ltr'>vivit.</span> 
     </span>
    </p>
   </div>
   <div class='ocr_carea' id='block_1_6' title="bbox 82 4355 1275 4484">
    <p class='ocr_par' dir='ltr' id='par_1_33' title="bbox 82 4355 1275 4484">
     <span class='ocr_line' id='line_1_48' title="bbox 142 4355 1275 4422; baseline -0.006 -11"><span class='ocrx_word' id='word_1_245' title='bbox 142 4364 155 4390; x_wconf 72' lang='lat'>⁸</span> <span class='ocrx_word' id='word_1_246' title='bbox 170 4364 223 4410; x_wconf 81' lang='lat' dir='ltr'>MS.</span> <span class='ocrx_word' id='word_1_247' title='bbox 239 4364 445 4410; x_wconf 81' lang='lat' dir='ltr'>D.-Sanotorum</span> <span class='ocrx_word' id='word_1_248' title='bbox 461 4364 595 4422; x_wconf 79' lang='lat' dir='ltr'>martyrum</span> <span class='ocrx_word' id='word_1_249' title='bbox 612 4363 708 4407; x_wconf 85' lang='lat' dir='ltr'>tuorum</span> <span class='ocrx_word' id='word_1_250' title='bbox 726 4357 820 4416; x_wconf 73' lang='lat' dir='ltr'>cyriaci</span> <span class='ocrx_word' id='word_1_251' title='bbox 837 4356 1003 4414; x_wconf 87' lang='lat' dir='ltr'>sociorumque</span> <span class='ocrx_word' id='word_1_252' title='bbox 1020 4355 1073 4415; x_wconf 85' lang='lat' dir='ltr'>ejus</span> <span class='ocrx_word' id='word_1_253' title='bbox 1089 4358 1201 4417; x_wconf 81' lang='lat' dir='ltr'>precibus</span> <span class='ocrx_word' id='word_1_254' title='bbox 1218 4374 1275 4406; x_wconf 88' lang='lat' dir='ltr'>con-</span> 
     </span>
     <span class='ocr_line' id='line_1_49' title="bbox 82 4415 1275 4484; baseline -0.003 -14"><span class='ocrx_word' id='word_1_255' title='bbox 82 4423 191 4481; x_wconf 86' lang='lat' dir='ltr'>fidentes,</span> <span class='ocrx_word' id='word_1_256' title='bbox 201 4437 347 4483; x_wconf 74' lang='lat' dir='ltr'>quesumus,</span> <span class='ocrx_word' id='word_1_257' title='bbox 357 4422 467 4480; x_wconf 88' lang='lat' dir='ltr'>Domina,</span> <span class='ocrx_word' id='word_1_258' title='bbox 478 4427 506 4470; x_wconf 89' lang='lat' dir='ltr'>ut</span> <span class='ocrx_word' id='word_1_259' title='bbox 515 4435 559 4484; x_wconf 87' lang='lat' dir='ltr'>par</span> <span class='ocrx_word' id='word_1_260' title='bbox 573 4433 601 4467; x_wconf 86' lang='lat' dir='ltr'>ea</span> <span class='ocrx_word' id='word_1_261' title='bbox 616 4433 669 4479; x_wconf 85' lang='lat' dir='ltr'>quae</span> <span class='ocrx_word' id='word_1_262' title='bbox 684 4416 828 4476; x_wconf 86' lang='lat' dir='ltr'>sumpsimus</span> <span class='ocrx_word' id='word_1_263' title='bbox 845 4419 933 4463; x_wconf 74' lang='lat' dir='ltr'>aterna</span> <span class='ocrx_word' id='word_1_264' title='bbox 949 4415 1054 4463; x_wconf 85' lang='lat' dir='ltr'>remedia</span> <span class='ocrx_word' id='word_1_265' title='bbox 1070 4418 1197 4478; x_wconf 85' lang='lat' dir='ltr'>capiamus.</span> <span class='ocrx_word' id='word_1_266' title='bbox 1229 4420 1275 4466; x_wconf 85' lang='lat' dir='ltr'>Per</span> 
     </span>
    </p>
   </div>
   <div class='ocr_carea' id='block_1_7' title="bbox 81 4483 217 4531">
    <p class='ocr_par' dir='ltr' id='par_1_34' title="bbox 81 4483 217 4531">
     <span class='ocr_line' id='line_1_50' title="bbox 81 4483 217 4531; baseline 0 -1"><span class='ocrx_word' id='word_1_267' title='bbox 81 4483 217 4531; x_wconf 85' lang='lat' dir='ltr'>Dominum.</span> 
     </span>
    </p>
   </div>
   <div class='ocr_carea' id='block_1_8' title="bbox 0 0 1478 5002">
    <p class='ocr_par' dir='ltr' id='par_1_35' title="bbox 0 0 1478 5002">
     <span class='ocr_line' id='line_1_51' title="bbox 0 0 1478 5002; baseline 0 1"><span class='ocrx_word' id='word_1_268' title='bbox 0 0 1478 5002; x_wconf 95' lang='lat' dir='ltr'> </span> 
     </span>
    </p>
   </div>
  </div>
 </body>
</html>
