2946 5002
143 327 185 390 30
610 324 707 389 Festa
728 322 874 408 Aprilis.

140 493 248 550 mentis
260 513 269 565 3
296 490 496 548 intercedente
523 490 609 547 beato
638 490 764 566 Georgio
790 495 921 566 martyre
949 495 1010 561 tuo,
1033 491 1091 548 tibi
1114 491 1205 548 etiem
1225 490 1343 568 placitis

139 573 271 631 moribus
291 572 448 648 dignanter
468 571 582 628 tribuas
603 571 756 628 deservire.
810 571 868 628 Per
888 571 1059 629 Dominum.

198 664 234 723 Si
247 664 367 722 Festum
380 664 475 721 coacti
491 663 606 739 Georyii
619 673 687 722 onte
700 663 817 721 Pascha
830 664 952 722 everterit
966 664 1083 722 dicatur
1096 665 1137 722 ad
1151 665 1284 722 Missam.

202 757 342 832 Officium.
386 757 559 814 Laetabitur.

202 849 337 910 Gradala
382 850 521 908 Posuisti.

200 945 333 1002 Tractus.
377 943 573 1001 Desiderium.

200 1037 395 1110 offertorium.
439 1035 478 1092 In
492 1037 612 1094 virtute.

199 1129 382 1189 Communia
426 1129 487 1199 Qui
500 1129 567 1185 vult
580 1128 688 1185 venire.

299 1373 338 1430 Iu
358 1373 595 1430 Tarusmmonn
615 1387 722 1429 sarem
743 1370 914 1442 Wrnrsmr,
936 1386 1178 1430 nncmnmscorr.

607 1485 681 1562 (viii.
698 1485 768 1543 Kal.
784 1485 872 1561 Mat)

198 1636 339 1711 Officium.
383 1634 497 1692 Statuit
509 1634 545 1690 ei.

196 1731 363 1885 gilbouqui
382 1809 504 1865 beatum
525 1807 701 1865 Wilfridum
726 1807 920 1865 confessorem
944 1814 1030 1864 tuum
1054 1813 1143 1883 atque
1167 1807 1333 1882 pontificem

134 1891 326 1960 transtulisti,
342 1891 379 1947 da
393 1890 479 1947 nobis
492 1909 545 1965 per
558 1891 622 1966 ejus
635 1889 743 1946 merita
756 1889 883 1965 gloriosa
902 1889 940 1946 ad
960 1888 1068 1966 gaudia
1088 1888 1216 1946 transire
1236 1907 1339 1964 percn-โด

134 1975 192 2036 nia.
236 1973 295 2030 Per
309 1971 473 2028 Dominum
488 1977 631 2028 nostrum.

194 2066 337 2142 Epistola.
380 2065 456 2122 Ecce
470 2064 604 2120 sacerdos
617 2083 750 2139 magnus.

194 2147 344 2223 Alleluye.
393 2145 422 2203 V.
445 2145 467 2202 J
469 2151 554 2201 ustus
567 2144 754 2220 germinabit.

193 2229 342 2303 Alleluya.
392 2227 420 2284 V.
444 2225 583 2282 Surrexit
597 2225 753 2295 Dominus,
770 2229 800 2280 ct
814 2244 977 2282 occurrens.

253 2349 417 2423 Seqmmm'
500 2385 663 2443 Salvatoris
676 2385 841 2442 clementiae

495 2467 622 2525 Dulcem
636 2473 747 2543 pangat
760 2467 921 2525 harmoniae
952 2494 953 2498 ยน

536 2547 693 2604 Modulum
709 2548 855 2605 Ecclesiae.

495 2629 555 2698 Qui
569 2629 600 2685 in
616 2630 726 2685 sanctis
740 2629 885 2686 mirabilis

493 2711 549 2767 Est
562 2717 592 2766 et
606 2711 717 2766 mundo
731 2710 885 2786 placabilis

533 2791 653 2847 Horum
666 2811 719 2866 per
732 2792 878 2868 suffragia.

492 2885 554 2941 Hic
568 2892 613 2941 est
626 2884 846 2960 paterfamilias,

493 2966 553 3035 Qui
567 2985 651 3022 mnas
665 2968 759 3023 servis
773 2968 846 3023 dans
860 2967 991 3042 singulas

532 3046 725 3105 Profecturus
738 3067 867 3124 peregre,

492 3127 551 3184 Pro
565 3128 686 3185 talentis
700 3129 857 3204 geminatis

491 3208 628 3266 Pretium
641 3209 795 3266 fidelitatis

531 3290 645 3347 Stolam
658 3291 755 3348 reddit
768 3292 878 3367 gloriae.

491 3382 645 3440 Gloriatur
658 3384 713 3439 hac
727 3384 852 3442 indutus

490 3464 651 3521 Wilfridus
664 3466 698 3520 in
712 3466 894 3537 caelestibus3

489 3544 579 3619 Lapis
594 3546 680 3602 domo
694 3546 854 3604 collocatus

529 3625 647 3683 Caelesti
660 3627 891 3684 decentissimus

489 3706 551 3764 Hic
566 3713 611 3763 est
624 3707 699 3782 lapis
713 3708 925 3783 amplexandus

488 3787 635 3844 Velamen
649 3807 709 3844 non
722 3788 909 3860 habentibus,

489 3868 579 3926 Prece
593 3869 700 3926 tollens
714 3870 828 3945 pondus
842 3870 944 3947 culpae,

529 3949 569 4006 Et
583 3949 710 4007 induens
722 3951 893 4010 virtutibus

488 4043 575 4112 Quod
588 4045 622 4100 in
635 4045 723 4101 terris
736 4046 857 4116 meruit,

487 4124 658 4182 Innumeris
671 4126 778 4182 claruit

528 4207 589 4263 Per
602 4207 703 4262 orbem
716 4207 875 4278 miraculis

488 4288 561 4357 Quae
576 4286 712 4344 Christus
725 4287 862 4346 exhibuit

488 4369 545 4427 Oui
559 4388 619 4426 esse
632 4368 758 4442 studuit,

527 4450 651 4509 Placens
665 4450 728 4508 sinc
742 4450 872 4512 maculis.
