2946 5002
411 368 460 433 Ia
473 368 596 435 Natali
609 369 719 435 auius
733 371 961 456 Evaapelistoe.
1224 370 1288 440 137

155 531 337 592 Corremaaio.

153 614 216 672 Vos
232 615 285 690 qui
306 615 398 672 secuti
420 615 490 672 estis
512 636 559 673 me
580 616 718 674 sedebitis
739 637 827 694 super
848 618 929 675 sedes
947 616 1114 693 judicantes
1135 616 1288 675 duodecim

93 694 188 752 tribus
202 693 304 766 Israel,
321 695 395 753 dicit
408 695 563 754 Dominus.

151 774 193 833 Ia
206 783 327 851 tempore
341 776 486 848 Paselzali,
500 777 649 853 Alleluya,
665 777 800 855 alleluya.

153 854 335 915 Communia.

152 934 216 1012 Ego
237 956 290 995 vos
311 936 386 1013 elegi
409 936 445 994 de
463 938 582 1011 mundo,
603 944 639 996 ut
661 939 735 997 eatis
757 945 788 996 et
810 938 940 997 fructum
961 939 1097 1013 afferatis,
1120 945 1151 998 et
1173 940 1289 998 fruetus

93 1021 191 1074 vester
203 1024 329 1075 maneat

151 1095 193 1154 Ia
209 1106 330 1174 termae
343 1098 489 1171 Paseliali,
506 1098 654 1176 Alleluya,
669 1100 803 1177 alleluya

157 1176 338 1237 Communia.

151 1258 260 1332 Arnen,
274 1259 339 1317 dieo
352 1260 443 1332 vobis,
460 1261 538 1338 quod
552 1281 605 1318 vos
622 1261 674 1337 qui
690 1261 850 1337 reliquistis
871 1263 971 1320 omnia
983 1268 1014 1321 et
1033 1261 1128 1321 secuti
1148 1261 1219 1320 estis
1230 1279 1288 1332 me,

90 1340 262 1416 oentuplum
275 1341 422 1417 accipietis
435 1348 465 1399 et
479 1343 573 1399 vitam
587 1347 729 1399 aeternam
741 1341 934 1418 possidebitis.

152 1421 392 1481 Posteommaaib.

152 1501 310 1578 Pereeptis‚
325 1501 461 1576 Domine,
476 1503 664 1560 saaramentis
677 1502 849 1579 suppliciter
862 1523 1024 1577 exoramus,
1040 1509 1075 1561 ut
1087 1503 1289 1561 intercedente

91 1580 180 1639 beato
200 1582 240 1640 N.
263 1583 393 1658 apostolo
414 1588 476 1655 tuo,
494 1603 559 1660 quse
580 1603 633 1659 pro
655 1583 735 1641 illius
756 1585 922 1642 veneranda
942 1585 1070 1660 gerimus
1092 1583 1290 1643 sollemnitate

90 1663 177 1721 nobis
189 1662 343 1738 proficiant
357 1663 394 1720 ad
407 1664 557 1722 medelam
600 1664 660 1722 Per
673 1664 843 1722 Dominum.
887 1665 948 1735 Qui
960 1672 1067 1724 tecum.

151 1742 356 1801 lerimoram
370 1744 572 1820 apostoloram.

152 1823 395 1882 Posteommuaio.
990 1891 993 1898 ¹

153 1903 335 1977 Quaesumus,
357 1904 493 1978 Domine,
515 1905 692 1963 salutaribus
711 1906 817 1982 repleti
840 1905 995 1982 mysteriis,
1019 1912 1054 1963 ut
1074 1924 1201 1981 quorum
1221 1902 1287 1962 soll·

91 1984 191 2066 emnia
227 1985 414 2059 celebramus,
451 2006 552 2044 eorum
585 1987 767 2045 orationibus
801 1986 983 2063 adjuvemur.
1036 1987 1094 2044 Per
1125 1984 1288 2044 Dominum

92 2070 236 2123 nostrum.

417 2247 457 2306 In
476 2248 600 2306 Narem
621 2264 715 2307 umus
739 2249 965 2308 Evarennrsrn

155 2325 294 2402 Officium.

152 2407 192 2465 In
206 2408 302 2465 medio
315 2407 441 2466 eeclesiae
455 2409 570 2486 aperuit
584 2429 615 2467 os
629 2410 709 2485 ejus:
730 2416 760 2468 et
773 2410 909 2486 implevit
921 2430 989 2468 eum
1005 2409 1153 2468 Dominus
1173 2407 1289 2485 Spiritu

90 2487 243 2565 sapientia
256 2494 287 2546 et
299 2488 485 2548 intellectus:
506 2490 582 2548 stola
595 2490 694 2566 gloriae
708 2491 806 2549 induit
819 2511 895 2550 eum.

152 2580 195 2639 Ia
208 2590 329 2658 mamere
342 2582 489 2653 Paseliali,
504 2582 654 2659 Alleluya,
670 2583 804 2659 alleluya.

152 2660 297 2720 Patra.
339 2663 562 2721 iocunditatem
576 2670 606 2721 et
619 2664 847 2722 exsultationem
860 2664 1071 2722 thesaurizavit
1090 2683 1179 2740 super
1191 2682 1267 2722 eum.

156 2741 274 2801 Oratib*
282 2743 415 2819 propria.

153 2821 205 2879 Aa
218 2822 357 2898 Ephesios
369 2824 423 2900 (ie.
441 2825 535 2903 7-13).

152 2902 289 2961 Fratres:
311 2904 483 2981 Unicuique
496 2912 631 2963 nostrum
651 2906 724 2963 data
744 2913 790 2964 est
804 2907 901 2984 gratia
914 2926 1005 2982 usqae
1019 2907 1060 2966 ad
1073 2906 1105 2963 in
1118 2923 1289 2964 mensuram

95 2983 193 3044 atatis
206 2983 401 3060 planitudinis
415 2985 534 3044 Christi.

154 3075 251 3135 Lectio
264 3076 420 3135 Ezechielis
432 3078 582 3154 Prophetae
594 3079 614 3156 (
615 3079 634 3138 i.
653 3079 766 3156 10-14).

155 3157 326 3216 Similitudo
346 3158 448 3216 vultus
471 3166 614 3236 quattuor
640 3160 815 3218 animalium
828 3180 919 3235 aeque
941 3161 982 3218 od
1003 3161 1037 3218 in
1061 3159 1290 3218 similitudinem

98 3237 224 3316 fulguris
237 3238 424 3304 coruscantis.

157 3317 292 3376 Gradale.

155 3398 196 3457 Os
204 3400 280 3475 justi
293 3400 486 3458 meditabitur
499 3401 674 3477 sapientiam
687 3424 693 3460 :
714 3408 745 3459 et
757 3401 861 3478 lingua
873 3403 938 3478 ejus
950 3402 1089 3478 loquetur
1097 3400 1253 3478 judicium.

104 3478 133 3539 V.
154 3479 219 3538 Iex
232 3479 292 3538 Dei
305 3481 368 3556 ejus
381 3481 414 3538 in
428 3482 512 3539 eorde
525 3483 636 3558 ipsius:
658 3489 688 3540 et
701 3502 761 3541 non
774 3483 1045 3559 supplantabuntur
1057 3501 1171 3560 gressus
1185 3482 1256 3559 ejus.

162 3652 273 3711 Beatus
286 3653 341 3726 vir,
357 3654 409 3730 qui
423 3655 510 3713 timet
524 3657 707 3715 Dominum:
727 3656 761 3713 in
774 3657 922 3715 mandatis
936 3657 960 3733 ej
965 3676 999 3714 us
1012 3655 1096 3733 eupit
1109 3655 1206 3713 nimis.

103 3732 131 3793 V.
153 3733 263 3791 Potens
275 3733 308 3791 in
321 3740 401 3793 terra
414 3736 471 3793 erit
485 3756 584 3795 semen
598 3739 623 3813 ej
627 3757 662 3795 us
676 3759 682 3797 :
703 3737 855 3813 generatio
869 3744 1015 3795 rectorum
1024 3737 1222 3795 benedioetur.

155 3812 304 3890 Alleluya.
352 3815 382 3874 V.
405 3816 525 3874 Primus
548 3818 586 3875 ad
608 3818 679 3876 Sion
700 3817 778 3876 dicet
785 3837 795 3890 3
816 3818 901 3891 Ecce,
915 3837 1031 3877 assum:
1052 3824 1083 3875 et
1097 3815 1288 3875 Hierusalem

96 3895 304 3973 evangelistam
318 3894 401 3954 dabo.

235 3990 399 4068 Sequentia.

357 4091 359 4097 ’
453 4073 565 4133 Plausu
579 4074 685 4133 chorus
698 4075 867 4134 laetabundo

455 4154 521 4212 Hos
535 4155 654 4213 attollat
666 4176 720 4233 per
732 4176 805 4233 quos
818 4155 929 4213 mundo

494 4236 609 4294 Sonant
622 4237 774 4313 evangelia
783 4258 793 4309 3

153 4385 166 4411 ⁸
180 4383 234 4430 MS.
253 4383 452 4442 G.—Magnifloet
471 4388 502 4442 te,
522 4385 633 4445 Domina,
653 4387 729 4432 sancti
749 4386 786 4432 tui
805 4385 835 4431 N.
857 4384 1019 4443 Evangelistoe
1038 4385 1108 4431 beata
1127 4383 1287 4432 sollemnitass

154 4457 227 4514 quam
243 4444 343 4502 gloriam
357 4445 526 4505 sempiternam
535 4448 560 4491 et
569 4459 639 4506 opem
652 4445 723 4491 nobis
742 4444 902 4491 inestimabili
917 4444 1067 4504 providentia
1081 4444 1210 4492 contulisti.
1241 4443 1290 4490 Per

120 4515 233 4549 ominum.
