2946 5002
173 325 216 388 44
660 325 756 388 Festo
770 323 887 388 durtii.

191 553 193 557 ’
240 553 353 612 Eonnn
374 571 429 612 nur
450 571 631 626 sarcronuu
652 553 804 613 Mundam
826 571 863 612 nr
883 555 1047 619 Gmnnnnu
1092 556 1143 633 (vi
1160 556 1205 615 Id.
1221 555 1308 635 Jun.)

235 682 373 756 Officium.
418 683 588 741 Sacerdotes
601 688 671 760 ejus.

234 763 343 821 Oratio.
387 764 478 835 Deus
493 766 619 840 quinos.

232 843 374 917 Epistola.
418 845 479 914 Qui
491 846 600 903 timent
614 846 713 903 Deum
726 865 787 902 non
801 852 897 905 erunt.

234 925 368 982 Grodole.
412 926 624 985 Exsultabunt.

232 1005 380 1081 Alleluya
431 1007 459 1064 V.
481 1008 651 1083 Fulgebunt
661 1007 746 1083 justi.

230 1086 434 1161 Evaeyelium.
477 1088 545 1145 Sint
560 1089 655 1146 lumbi
668 1109 758 1163 usqae
772 1091 813 1145 od
826 1088 923 1146 Filius
935 1088 1065 1147 hominis
1078 1089 1169 1147 venit.

234 1166 427 1241 offertorium.
471 1169 628 1227 Mirabilis.

232 1247 415 1307 dominacio.
457 1249 623 1308 Justorum.

237 1442 380 1502 Sucuuno
402 1460 456 1500 nm
477 1459 572 1502 mrsu
593 1443 735 1501 Oomvrs
757 1460 863 1501 saucm
884 1443 1060 1500 Wrnnnnnr.
1106 1442 1145 1515 (v.
1163 1443 1208 1501 Id.
1224 1443 1313 1520 Jun.)

231 1571 371 1645 Officium.
416 1572 587 1630 Sacerdotes
602 1575 655 1632 tui.

229 1652 371 1728 Epistodr.
415 1654 491 1711 Ecce
505 1653 645 1711 sacerdos,

231 1733 365 1792 Gradele.
409 1734 485 1792 Ecce
498 1735 639 1793 sacerdos.

228 1815 377 1891 Alleluya.
426 1816 454 1873 V.
478 1815 577 1872 Posui.

228 1895 360 1955 Secundo
375 1897 428 1955 die.
472 1897 636 1972 Sequentia.

492 1993 620 2050 Plaudet
634 1993 748 2063 chorus,
763 1991 846 2068 plebs
858 1992 985 2062 laetctur,

493 2075 533 2131 Et
547 2074 653 2132 devote
666 2078 826 2131 veneretur

533 2155 656 2211 Domini
670 2153 835 2230 magnalia3

492 2235 531 2291 In
544 2237 654 2292 sanctis
668 2235 720 2311 qui
734 2241 873 2309 operatur

491 2315 579 2388 Mira,
594 2317 679 2391 cujus
692 2315 846 2372 decoratur

530 2397 702 2454 Willclmus
715 2394 880 2452 clementia.

490 2475 586 2534 Velut
599 2477 697 2553 palma
710 2475 871 2547 revirescit,

490 2557 531 2615 Et
544 2578 562 2614 a
579 2559 639 2615 sole
653 2556 834 2615 incandescit

530 2638 568 2695 In
582 2639 694 2696 decoris
707 2638 808 2716 gloria

489 2717 537 2776 Sic
553 2719 730 2791 Willclmus,
745 2719 853 2795 praesul
866 2718 982 2794 dignus,

489 2800 595 2857 Pastor
608 2802 675 2877 pius
689 2808 719 2857 et
732 2801 887 2876 benignus,

529 2881 627 2938 Fulsit
641 2882 673 2938 in
687 2882 826 2939 Ecclesia

487 2962 665 3020 Invidorum
679 2964 728 3020 hic
742 2982 794 3039 per
806 2962 941 3019 fraudem

488 3043 683 3118 Degradatus,
700 3044 764 3101 Deo
778 3043 896 3099 laudem

527 3125 677 3182 Persolvit
690 3132 721 3182 et
733 3124 869 3201 gratiam.

485 3205 586 3262 Annis
600 3212 713 3282 septem
728 3205 893 3262 exsulalem

485 3285 590 3344 Vitam
605 3287 722 3358 ducens,
739 3286 900 3344 salutarem

526 3367 647 3426 Patitur
660 3368 834 3425 molestiam.

485 3447 567 3505 Hinc
582 3451 735 3522 egressus*
756 3454 856 3505 mente
869 3452 934 3504 tota

484 3529 550 3586 Deo
565 3550 683 3605 precum
697 3531 794 3586 libans
807 3534 878 3585 vota

524 3609 637 3668 Praesul
651 3610 828 3668 restituitur.

484 3690 647 3767 Postquam
661 3691 732 3762 dies,
748 3697 783 3747 ut
796 3689 921 3766 rogavit,

483 3771 688 3848 Quadraginta
701 3770 926 3839 consummavit,

524 3853 599 3910 Mox
612 3854 649 3911 de
664 3854 774 3911 mundo
787 3851 913 3909 tollitur.

483 3934 531 3992 Sic
544 3935 686 4010 probatus
699 3935 732 3991 in
745 3933 864 3991 fornace

482 4015 636 4091 Tanquam
650 4035 766 4086 aurum,
781 4013 868 4090 plena
881 4031 952 4089 pace

522 4096 641 4154 Gaudet
654 4096 685 4152 in
700 4095 872 4154 caelestibus.

481 4177 574 4252 Cujus
587 4177 691 4234 multis
705 4183 737 4234 et
750 4175 883 4232 honestis

481 4258 564 4316 Mors
578 4258 702 4334 insignis
716 4257 786 4314 vitae
800 4256 885 4314 testis

521 4339 633 4396 Radiat
647 4339 821 4395 virtutibus.

467 4468 479 4494 ⁸
496 4465 535 4511 Ita
544 4465 616 4511 MSS.
629 4464 657 4520 G,
667 4464 698 4520 D,
707 4463 756 4509 and
766 4463 794 4508 F.
825 4462 1051 4518 Edit-regressus.
