2946 5002
136 338 198 400 148
349 334 397 399 Ia
410 333 533 399 Natali
547 333 656 399 uatus
672 333 874 420 Ooafcssoats
888 343 917 401 et
930 334 1117 420 Poattficla

196 501 376 562 Garamante.

193 582 281 640 Beati
303 582 413 647 mundo
435 583 529 652 corde,
551 581 690 659 quoniam
710 582 768 659 ipsi
795 583 893 640 Deum
914 582 1076 641 videbunt:
1103 583 1185 640 beati
1206 584 1330 660 pacifici,

134 665 273 740 quoniam
302 664 357 720 filii
387 664 445 720 Dei
472 664 675 721 vocabuntur:
709 663 790 720 beati
822 665 875 739 qui
907 664 1138 739 persecutionem
1171 666 1331 741 patiuntur

134 752 253 822 propter
261 745 420 820 justitiam,
435 744 576 820 quoniam
590 746 721 820 ipsorum
734 751 779 801 est
792 764 917 820 regnum
930 745 1075 802 caelorum.

194 822 436 891 Postcommaaio,

194 906 307 964 Praesta
330 905 424 976 nobis,
450 925 627 983 quaesumus
650 906 787 978 Domine,
807 905 1055 964 intercedentibus
1069 906 1179 964 sanctis
1201 907 1272 981 auis,
1297 916 1332 966 ut

134 1007 199 1064 quae
214 1007 263 1044 ore
277 987 463 1063 contigimus,
479 1007 554 1063 pura
567 993 666 1044 mente
680 988 836 1064 capiamus.
880 986 939 1045 Per
952 986 1122 1046 Dominum.

341 1208 380 1266 Is
400 1208 525 1265 Narem
545 1223 639 1265 nurus
661 1206 864 1265 Ocurnssorus
886 1224 923 1264 nr
944 1208 1128 1266 Pourrmcis.

199 1306 338 1382 Officium.

196 1387 368 1448 Sacerdotes
381 1386 436 1457 tui,
454 1386 590 1454 Domine,
605 1385 770 1442 induantur
778 1387 936 1462 justitiam,
949 1392 979 1444 et
993 1388 1089 1444 sancti
1101 1389 1148 1445 tui
1162 1388 1333 1448 exsultent:

134 1474 254 1547 propter
268 1466 367 1524 David
382 1486 502 1524 servum
515 1472 600 1522 tuum
615 1486 675 1523 non
688 1475 805 1524 avertas
818 1467 923 1524 faciem
937 1468 1049 1526 christi
1060 1469 1115 1526 tui

195 1548 341 1606 Paulinus.

196 1630 357 1699 Memento,
373 1628 510 1700 Domine,
526 1627 644 1686 David:
665 1635 696 1685 et
709 1629 805 1686 omnis
818 1630 1054 1688 mansuetudinis
1068 1632 1138 1707 ejus.

196 1709 290 1768 Aliud
305 1709 444 1784 Officium.

197 1791 310 1849 Statuit
323 1791 351 1847 ei
365 1790 511 1847 Dominus
533 1795 744 1847 testamentum
766 1791 862 1868 pacis:
883 1798 914 1848 et
927 1792 1090 1869 principem
1107 1791 1177 1850 fecit
1191 1812 1278 1851 eum:
1298 1800 1334 1850 ut

136 1874 176 1931 sit
188 1873 235 1930 illi
248 1871 401 1930 sacerdotii
415 1870 545 1948 dignitas
558 1869 591 1926 in
605 1877 755 1929 aeternum.

197 1953 239 2010 Ia
253 1962 375 2028 tempore
388 1951 536 2023 Pasclcali,
551 1952 700 2027 Alleluya,
716 1952 850 2027 alleluya.

197 2033 342 2092 Psalmas.

198 2113 416 2172 Misericordiae
430 2113 572 2171 Domini:
593 2113 627 2168 in
640 2118 783 2169 aeternum
798 2115 930 2172 cantabo.

198 2195 292 2253 Aliud
307 2193 447 2268 Officium.

199 2277 240 2334 Os
255 2276 334 2352 justi
353 2275 546 2331 meditabitur
566 2273 759 2349 sapientiam:
780 2280 810 2331 et
820 2275 925 2352 lingua
939 2277 1002 2352 ejus
1015 2276 1153 2353 loquetur
1168 2277 1333 2353 judicium:

138 2360 189 2416 lex
202 2358 261 2416 Dei
273 2357 337 2432 ejus
351 2356 383 2412 in
397 2356 483 2412 eorde
496 2355 597 2430 ipsius

198 2437 343 2496 Psalmas.

200 2519 272 2577 Noli
294 2515 427 2575 aemulari
452 2517 485 2574 in
507 2517 756 2593 malignantibus:
785 2537 880 2593 neque
904 2519 1043 2576 zelaveris
1063 2519 1205 2578 facientes
1226 2521 1334 2597 iniqui·

140 2607 241 2658 tatem.

200 2681 295 2737 Aliud
310 2679 448 2753 Officium.

201 2762 240 2818 In
253 2760 349 2816 medio
363 2759 488 2816 ecelesiae
509 2760 625 2834 aperuit
641 2778 673 2815 os
687 2761 766 2834 ejus:
788 2765 818 2815 et
833 2759 971 2836 implevit
985 2780 1053 2819 eum
1067 2761 1214 2820 Dominus
1228 2763 1336 2840 spiritu

142 2842 292 2918 sapientiae
306 2846 337 2896 et
349 2839 536 2896 intellectus:
558 2840 634 2895 stola
646 2839 745 2914 gloriae
759 2840 858 2896 induit
872 2861 946 2901 eum.

202 2922 244 2979 Ia
258 2931 379 2996 tempore
392 2919 539 2991 Pascltulc',
553 2919 702 2995 Alleluya,
719 2920 852 2995 alleluya

202 3002 347 3062 Psalmas.

203 3085 224 3143 J
225 3082 426 3141 ocunditatem
439 3088 470 3138 et
483 3081 711 3139 exsultationem
724 3081 934 3140 thesaurizavit
948 3103 1035 3161 super
1048 3104 1123 3143 eum.

206 3164 345 3239 Officium.
733 3193 737 3199 ·

105 3232 111 3273 ²
150 3265 152 3268 ⁴
204 3245 373 3304 Sacerdotes
401 3245 464 3321 ejus
489 3243 653 3300 induantur
680 3243 821 3300 salutari:
855 3250 886 3301 et
916 3246 1011 3302 sancti
1044 3247 1107 3322 ejus
1141 3249 1338 3307 exsultatione

144 3328 344 3387 exsultabunt.
1003 3396 1007 3404 .

205 3409 245 3467 Ia
260 3418 380 3483 tempore
393 3405 538 3475 Paecbala‘,
554 3405 705 3481 Alleluya,
720 3405 855 3481 alleluya.
962 3460 964 3464 ,

205 3489 350 3548 Psalmas.

206 3571 367 3638 Memento,
383 3567 519 3638 Domine,
536 3566 652 3622 David:
673 3573 703 3623 et
717 3568 812 3623 omnis
825 3569 1058 3626 mansuetudinis
1072 3571 1141 3646 ojus.

208 3651 347 3727 Officium.

207 3731 377 3790 Sacerdotes
407 3728 474 3798 Dei,
502 3725 666 3784 benedicite
700 3727 879 3786 Dominum:
912 3732 1007 3788 sancti
1033 3737 1064 3790 et
1089 3732 1217 3790 humiles
1244 3734 1339 3804 corde,

146 3814 265 3872 laudate
278 3813 384 3870 Deum.

206 3894 247 3952 Ie
261 3903 382 3969 tempore
395 3888 541 3960 Pusctali,
557 3887 705 3964 Alleluya,
722 3889 856 3964 alleluya

155 3996 158 3999 “
207 3975 352 4033 Paalmus.

207 4054 378 4114 Benedicite
400 4050 500 4109 omnia
522 4070 609 4126 opera
631 4050 755 4107 Domini
775 4052 921 4110 Domino:
949 4053 1067 4113 laudate
1080 4060 1111 4113 et
1124 4057 1341 4132 superexaltate

147 4157 214 4196 eum
229 4135 387 4193 insaecula.

105 4232 108 4241 ‘
209 4216 320 4276 Oratio.

207 4300 264 4369 Da,
281 4314 459 4374 quaesumus,
481 4293 666 4371 omnipotens
686 4293 777 4365 Deus,
792 4301 827 4351 ut
846 4296 927 4353 beati
939 4295 978 4353 N.
994 4297 1165 4355 confessoris
1185 4298 1234 4355 tui
1252 4305 1342 4376 atque

145 4380 294 4456 pontificis
308 4376 477 4435 veneranda
491 4375 671 4434 sollemnitas
690 4381 721 4433 et
741 4375 928 4435 devotionem
940 4377 1025 4435 nobis
1043 4385 1149 4456 augeat
1162 4386 1193 4437 et
1206 4380 1339 4439 salutem.

147 4461 212 4518 Per.
