2946 5002
510 403 557 468 Iu
580 403 893 490 Transfiyurutc'coe
914 404 1065 470 Domini.

385 571 512 647 Propter
524 571 751 647 insuperabilem
764 571 876 647 eloquii
888 572 1084 630 constantiam

385 651 552 710 Domitiani
566 651 688 710 Caesaris
701 658 803 727 raptus
816 671 869 728 per
880 651 1072 725 iracundiam,

465 732 550 790 Dura
563 732 655 789 subiit
668 733 779 791 exsilia.

385 812 425 870 In
438 812 560 870 Patmos
575 813 784 890 Apocalypsim
798 813 915 891 scripsit
928 813 964 872 de
979 813 1119 884 Ecclesia,
1173 884 1176 890 .

385 894 432 951 De
445 899 526 951 statu
541 895 604 970 ejus
616 895 763 970 prasenti,
779 894 955 953 Sanctorum
968 901 999 952 et
1011 894 1105 972 gloria

465 974 504 1031 In
518 975 627 1032 caelesti
640 976 728 1033 curia.

385 1053 535 1131 Ephesum
548 1061 616 1131 post
629 1075 696 1112 cum
709 1055 798 1113 rediit
811 1055 967 1113 suscitavit
981 1055 1110 1127 viduam,

383 1135 527 1192 Animam
540 1135 732 1193 adolescentis
745 1137 895 1194 revocavit
908 1142 1054 1193 mortuam
1066 1158 1075 1210 ;

465 1215 490 1273 Ο
505 1222 617 1292 quanta
630 1216 793 1274 clementia.

384 1294 541 1353 Cratonem
554 1296 761 1374 philosophum
774 1297 870 1354 traxit
883 1298 921 1354 ab
934 1296 1109 1370 idololatria,

383 1375 430 1433 De
443 1376 536 1434 stulto
548 1377 653 1433 mundi
667 1383 839 1454 contemptu
852 1378 890 1435 ad
903 1378 1052 1435 virtutum
1065 1377 1163 1435 studia
1170 1396 1178 1449 ;

465 1457 490 1514 Ο
505 1463 618 1533 quanta
631 1458 760 1517 scientia.

383 1536 470 1610 Saxa,
485 1538 592 1614 virgas,
607 1558 720 1610 aurum,
736 1558 874 1615 gemmas,
888 1539 972 1596 varia
984 1558 1038 1616 per
1051 1538 1175 1616 imperia

382 1617 516 1675 Mutavit
530 1624 560 1675 et
573 1619 744 1676 reformavit
757 1620 789 1677 in
802 1625 911 1678 natura
924 1620 1061 1698 propria3

464 1699 489 1756 Ο
504 1700 579 1756 mira
592 1700 733 1777 potentia.

382 1778 529 1837 Homines
542 1799 655 1838 veneno
669 1781 772 1838 mortis
785 1800 936 1859 perpessos
949 1781 1104 1860 naufragia

381 1859 442 1916 Hic
455 1861 562 1917 illaesos
575 1861 724 1937 reparavit
736 1863 774 1920 ad
787 1861 857 1921 vitae
871 1861 1007 1938 praesidia

462 1941 522 1998 Sua
535 1961 588 2016 per
601 1942 747 2017 suffragia.

382 2020 487 2079 Carnis
500 2021 576 2079 liber
589 2042 607 2079 a
620 2022 718 2080 dolore
732 2022 808 2080 sicut
821 2041 840 2079 a
852 2021 983 2094 lascivia,

380 2102 433 2159 Ab
446 2102 499 2161 illc
513 2121 601 2178 quem
615 2103 764 2179 diligebat,
780 2104 960 2161 transfertur
972 2104 1005 2160 in
1017 2101 1119 2180 gloria,

461 2182 509 2240 De
522 2182 604 2240 omni
617 2184 760 2260 angustia.
938 2256 939 2259 Ἴ

381 2262 458 2321 Cum
471 2281 529 2339 quo
543 2271 647 2341 regnat
661 2269 816 2321 coronatus
829 2264 1005 2340 triumphali
1018 2264 1127 2337 laurea,

379 2345 412 2401 A
424 2363 484 2420 quc
496 2343 591 2420 fulget
604 2344 757 2402 decoratus
770 2345 883 2402 virtute
896 2345 1030 2422 virginea
1037 2364 1047 2417 3

462 2424 487 2482 Ο
502 2425 576 2482 felix
589 2424 727 2483 amicitia.

379 2505 448 2582 Ipse
462 2506 547 2563 nobis
560 2513 746 2582 peccatorum
759 2505 891 2563 conferat
904 2506 1042 2579 remedia,

379 2586 437 2643 Per
451 2606 539 2663 quem
553 2607 653 2644 omnes
666 2587 819 2645 veniamus
833 2587 871 2654 ad
884 2592 995 2645 aeterna
1008 2587 1124 2664 gaudia,

460 2667 573 2725 Christi
585 2668 703 2725 favente
716 2667 842 2745 gratia*

504 2846 544 2903 Is
565 2846 880 2905 Tsanssreusarrone
900 2847 1055 2908 Domrr.†

239 2926 404 2985 Benedictio
417 2947 488 2986 uoce.
576 2990 577 2995 .

206 2997 210 3005 ’
239 3005 425 3088 Βοηθψάἰο,
452 3008 589 3080 Domine,
616 3014 646 3065 et
671 3008 723 3065 hos
743 3008 857 3065 fructus
877 3026 961 3065 novae
981 3028 1055 3081 uvae,
1079 3014 1216 3086 questu,
1238 3008 1380 3082 Domine,

179 3108 244 3148 rore
264 3089 328 3146 caeli
341 3097 372 3146 et
385 3089 578 3147 inundatione
598 3089 766 3166 pluviarum
780 3094 811 3146 et
822 3095 990 3165 temporum
1010 3090 1168 3148 serenitate
1188 3095 1277 3166 atque
1297 3097 1381 3148 tran-

178 3169 326 3246 quillitate
346 3170 384 3227 ad
404 3170 607 3227 maturitatem
627 3170 783 3246 perducere
797 3170 935 3248 dignatus
956 3189 994 3242 es,
1010 3176 1041 3228 et
1054 3170 1161 3228 dedisti
1181 3190 1230 3229 eos
1250 3171 1287 3227 ad
1307 3191 1380 3228 usus

178 3255 294 3308 nostros
308 3270 375 3308 cum
387 3251 550 3327 gratiarum
568 3252 684 3309 actione
703 3252 858 3328 percipere.
902 3251 940 3307 In
954 3251 1075 3308 nomine
1092 3251 1217 3308 Domini
1233 3251 1381 3331 nostriqs

178 3329 200 3390 J
201 3350 253 3388 esu
267 3330 389 3402 Christi,
401 3351 455 3408 per
468 3351 555 3408 quem
570 3334 668 3390 omnia
682 3333 811 3391 Domine
823 3351 937 3410 semper
950 3333 1028 3390 bona
1041 3351 1129 3390 creas.
1173 3331 1232 3401 Qui
1245 3338 1353 3391 tecum.

238 3412 290 3469 Ac
303 3413 436 3470 Missum.
477 3411 632 3471 Introituc.

239 3493 321 3550 Veni
352 3499 382 3550 et
415 3493 536 3551 ostende
568 3495 653 3551 nobis
679 3494 784 3552 faciem
809 3501 902 3567 tuam',
930 3493 1067 3566 Domine,
1095 3492 1148 3569 qui
1175 3493 1256 3552 sedes
1288 3513 1380 3572 super

178 3572 330 3646 cherubin,
345 3581 375 3631 et
389 3574 464 3631 salvi
477 3574 592 3631 erimus.

238 3688 251 3714 ¹
267 3689 330 3734 Here
340 3689 434 3734 follows
443 3689 484 3734 thc
495 3687 620 3748 Colophon
629 3689 656 3733 in
665 3689 705 3735 the
715 3689 814 3748 printed
823 3689 905 3735 books.
937 3689 982 3736 See
992 3689 1046 3736 Vol.
1057 3690 1073 3735 i.
1084 3704 1107 3750 p.
1120 3689 1161 3737 xii.

237 3766 251 3826 †
262 3766 324 3810 This
334 3765 401 3811 Mass
410 3766 432 3810 is
442 3765 516 3810 found
526 3765 552 3810 iu
562 3765 615 3812 MS.
626 3765 653 3822 C,
664 3765 826 3824 immediately
835 3766 897 3811 after
906 3767 948 3812 the
961 3766 1143 3814 Commorim-atio
1150 3765 1239 3812 Sancta
1248 3765 1378 3817 Trinitatis.

178 3824 222 3871 but
232 3823 335 3870 without
345 3825 385 3870 the
395 3823 523 3870 Benedictio
533 3839 588 3870 τινα.
620 3824 644 3870 It
653 3825 732 3870 varies
741 3825 803 3870 from
813 3825 853 3871 the
864 3825 930 3870 Mass
940 3826 966 3870 in
976 3826 1017 3871 the
1026 3830 1087 3883 text,
1097 3839 1124 3871 as
1134 3824 1229 3871 follows
1236 3840 1274 3871 :-

215 3896 236 3940 1.
251 3894 390 3941 “Introitoa
421 3896 452 3940 In
462 3895 556 3941 excelso
565 3896 653 3941 throno
662 3895 714 3940 vidi
729 3895 810 3941 sedere
820 3896 901 3941 virum
910 3909 981 3956 quem
995 3897 1079 3943 adorat
1092 3896 1221 3943 multitudo
1235 3897 1377 3955 angelorum

177 3954 308 4016 psallentes
317 3954 343 3999 in
354 3968 437 4012 unum,
448 3955 509 4000 Ecce
520 3955 590 4013 cujus
600 3954 728 4014 imperium
735 3957 825 4000 'numen
835 3956 908 4000 estin
918 3959 1042 4002 [eternum.

251 4016 266 4040 “
273 4013 384 4117 IIZcolmuc.
414 4014 430 4060 J
432 4013 521 4060 ubilate
532 4014 592 4073 Deo,
602 4013 681 4059 omnis
691 4018 767 4060 terra:
784 4014 874 4060 servite
884 4014 989 4061 Domino
998 4015 1024 4060 in
1033 4014 1122 4062 letitia

253 4075 267 4099 ts
331 4073 376 4116 ie)

236 4132 257 4176 2.
274 4087 456 4176 Itbhmmencee
465 4133 506 4178 thc
517 4132 611 4192 Epistle
621 4132 681 4178 with
690 4133 731 4179 the
741 4131 821 4178 words
831 4135 845 4160 “
853 4132 943 4179 Notum
952 4132 1053 4179 fecimus
1063 4132 1134 4178 vobis
1146 4131 1264 4191 Domini,”
1273 4133 1315 4180 dte.

236 4192 257 4234 3.
274 4190 323 4236 For
332 4191 373 4235 the
384 4190 507 4250 Sequence
516 4192 536 4237 it
547 4192 615 4249 gives
625 4191 742 4237 “Laudes
752 4191 892 4249 Salvatori,'‘
901 4206 928 4238 es
938 4207 970 4238 on
979 4192 1064 4238 Eester
1075 4191 1197 4251 Tuesday.

236 4250 257 4292 4.
274 4249 331 4294 And
341 4249 379 4294 for
387 4250 429 4295 the
440 4250 682 4296 Postcommunion—

249 4311 263 4334 “
272 4308 347 4362 Deus,
357 4308 400 4366 qui
409 4309 523 4354 hodierna
538 4310 575 4354 die
590 4309 707 4356 incarnati
717 4309 793 4356 Verbi
802 4309 838 4356 tui
852 4309 1081 4368 Transfiguratione,
1091 4311 1186 4380 tueque
1195 4309 1291 4356 adeum
1300 4310 1375 4357 missu

176 4367 328 4425 paternitatis
334 4381 392 4412 voce
399 4369 554 4426 consecrasti,
566 4369 652 4424 tribus,
661 4382 807 4428 quesumus,
815 4371 843 4415 nt
851 4369 940 4416 divinis
947 4368 1011 4430 pasti
1020 4368 1171 4414 elimoniisrn
1179 4369 1232 4428 ejus
1241 4383 1375 4416 mereamur

176 4426 282 4470 membra
299 4425 433 4483 transferri,
446 4427 489 4485 qui
504 4427 555 4473 heac
571 4428 650 4475 insui
666 4429 779 4474 memoria
796 4427 847 4474 fieri
863 4429 985 4488 pracepit,
1000 4427 1072 4474 Jesus
1086 4427 1199 4475 Christus
1220 4428 1300 4475 Filius
1316 4432 1374 4475 tuus

177 4480 296 4588 D⁰¹ssl¹¹¹¹⁸
305 4487 394 4588 neptem
404 4485 617 4590 Quipecurnpirit
632 4492 656 4533 et
672 4491 764 4546 regnat,
774 4487 805 4532 In
819 4487 909 4535 unitate
924 4485 1031 4546 Spiritus
1048 4487 1131 4535 Sancti
1147 4487 1222 4547 Deus,
1232 4487 1280 4535 Per
1295 4489 1376 4535 omnis

177 4554 223 4588 suc
251 4557 338 4590 esuccu
348 4556 423 4589 orum.
477 4557 539 4590 men.
