2946 5002
501 393 549 457 De
570 398 683 458 socero
704 390 867 456 Aaetcaio.

391 560 457 630 Quo
470 560 534 617 viso
547 579 665 636 serpens
678 559 827 635 antiquus,

431 639 544 699 Christi
557 660 641 698 servo
655 640 800 709 inimicus,

471 721 622 797 Praeparat
635 721 757 779 insidias
766 741 776 792 3

391 801 503 860 Cellam
517 802 598 859 subit
610 802 672 859 sine
685 821 776 873 mora,

430 883 471 940 Et
483 883 567 959 quasi
580 883 664 959 virgo
678 883 782 939 decora

469 963 534 1022 Sibi
547 963 600 1020 dat
612 963 778 1020 blanditias.

389 1057 456 1126 Quo
469 1062 626 1132 comperto,
641 1056 724 1113 miles
738 1055 825 1112 fortis

428 1137 544 1213 Inquit,
559 1135 651 1210 Cuba,
665 1137 756 1193 fomes
770 1135 882 1206 mortis,

469 1219 563 1293 Super
575 1218 622 1274 his
636 1217 820 1274 carbonibus.

387 1299 511 1356 Daemon
525 1299 603 1375 fugit
615 1299 822 1375 perturbatus3

427 1379 510 1449 Mox,
525 1379 705 1437 daemonibus
719 1378 845 1454 stipatus

467 1460 559 1517 Hunc
573 1459 659 1517 caedit
673 1459 850 1517 verberibus.

385 1554 407 1611 J
409 1553 516 1630 ejuniis
529 1559 700 1621 maceratus,

426 1634 576 1691 Mundum
585 1653 732 1710 spernens,
743 1633 861 1690 Christo
871 1641 981 1710 gratus,

466 1714 570 1772 Carnis
584 1714 673 1772 solvit
686 1714 838 1786 debitum3

386 1795 533 1871 Quicquid
546 1795 613 1870 igne
626 1794 793 1851 trucidatur

426 1875 599 1947 Gehennali,
613 1875 758 1932 liberatur

465 1956 511 2014 Ob
525 1956 616 2033 ipsius
629 1956 777 2013 meritum.

386 2050 477 2107 Nune
490 2050 621 2107 exsultat
634 2049 792 2122 laureatus,

423 2130 506 2188 Stola
518 2130 588 2188 vitae
603 2130 763 2202 decoratus

463 2212 502 2268 In
516 2211 624 2269 caelesti
638 2211 784 2282 culmine3
883 2254 885 2260 ,

383 2291 535 2349 Thronum
549 2311 669 2348 summae
683 2290 845 2367 majestatis

422 2372 499 2431 Cum
512 2373 665 2448 spiritibus
678 2373 771 2429 beatis

463 2453 546 2510 Laeto
560 2453 654 2510 cernit
668 2453 786 2510 lumine.

381 2547 438 2604 Pie
450 2552 535 2622 pater
548 2546 681 2622 pretiose,

424 2626 529 2684 Funde
542 2645 641 2703 preces
655 2626 769 2701 copiose

462 2707 583 2765 Summo
597 2707 659 2783 regi
672 2706 772 2783 gloriae

376 2789 435 2847 Pro
448 2788 588 2865 praesenti
601 2789 748 2859 concione,

415 2869 463 2928 Ut
475 2870 509 2926 in
522 2869 585 2936 caeli
598 2869 716 2946 regione

455 2949 551 3008 Melos
564 2957 651 3008 canat
663 2950 773 3024 gratiae.

138 3073 303 3133 Secundum
316 3073 491 3132 Mottbaeam
504 3072 579 3146 (aab.
592 3071 707 3149 27-29).

139 3155 179 3212 In
192 3155 245 3213 illo
258 3160 397 3231 tempore,
413 3153 502 3210 Dixit
516 3153 619 3211 Simon
633 3151 740 3210 Petrus
754 3152 791 3209 ad
805 3153 827 3210 J
828 3172 927 3225 esum3
944 3153 1020 3211 Ecce
1033 3174 1086 3212 nos
1100 3155 1273 3231 reliquimus

79 3255 169 3310 aeque
183 3238 223 3293 od
235 3224 407 3312 centuplum
421 3234 552 3309 accipiet,
569 3239 599 3290 et
612 3234 706 3290 vitam
719 3239 858 3290 aeternam
872 3234 1039 3310 possidebit.

141 3332 165 3391 O
186 3333 332 3391 ertoriam.
1062 3375 1064 3378 Α

137 3335 260 3472 Vpdritas
273 3433 339 3471 mea
352 3419 383 3470 et
396 3411 595 3470 misericordia
608 3430 673 3468 mea
687 3430 753 3467 cum
767 3410 848 3486 ipso:
862 3416 892 3468 et
905 3411 937 3466 in
950 3413 1069 3470 nomine
1083 3433 1148 3471 meo
1161 3414 1271 3471 exalta·

77 3493 160 3552 bitur
173 3514 264 3553 cornu
277 3496 348 3571 ejus.

136 3590 256 3650 Secreto.

139 3671 320 3731 Sacrificium
344 3677 486 3743 nostrum,
514 3690 688 3748 quaesumus„
714 3670 853 3742 Domine,
874 3670 1019 3746 benignus
1041 3671 1181 3744 intende;
1212 3692 1271 3748 quo

77 3751 154 3809 sieut
166 3753 247 3811 beati
259 3753 389 3810 Antonii
402 3753 536 3830 precibus
550 3751 696 3809 cruciatus
706 3751 881 3828 temporales
895 3771 998 3808 sanare
1018 3771 1079 3809 non
1097 3752 1215 3825 desinis,
1228 3754 1272 3810 ita

77 3833 148 3889 exui
161 3834 389 3892 misericorditer
401 3834 592 3910 impetremus
605 3833 643 3890 ab
656 3833 781 3890 aeternis.
824 3831 890 3891 Per.

139 3929 321 3989 Communia

136 4011 248 4070 Beatus
272 4031 373 4070 servus
398 4030 495 4087 quem,
511 4030 578 4068 eum
601 4010 725 4080 venerit,
751 4010 887 4067 dominus
907 4010 1056 4067 invenerit
1077 4011 1268 4088 vigilantem:

75 4111 169 4165 amen,
184 4093 250 4150 dico
264 4092 365 4150 vobis:
389 4111 477 4168 super
490 4091 590 4148 omnia
602 4092 680 4149 bona
693 4110 746 4148 sua
759 4090 920 4148 constituet
933 4109 1008 4148 eum.

136 4190 378 4250 Postcommanio.

138 4271 239 4329 Prosit
270 4271 365 4343 nobis,
399 4269 536 4340 Domine,
564 4269 603 4327 ad
633 4269 758 4327 salutem
789 4269 864 4326 sacri
894 4266 1025 4326 muneris
1056 4269 1166 4327 oblatio
1177 4291 1186 4342 3
1219 4290 1270 4346 per

76 4370 174 4427 quam,
193 4352 273 4410 beati
290 4351 421 4409 Antonii
439 4349 511 4408 fulti
528 4349 675 4428 suffragio,
694 4349 828 4426 exemplo
844 4350 937 4426 ipsius
957 4349 1059 4407 omnia
1077 4350 1138 4408 tela
1156 4352 1271 4428 nequis

75 4433 143 4489 simi
180 4434 397 4509 extinguentes,
437 4435 606 4488 sanctorum
643 4448 806 4487 mereamur
843 4430 965 4510 adjungi
1005 4430 1157 4489 consortio.
1213 4431 1272 4490 Per

49 4556 51 4561 .
76 4513 246 4572 Dominum.
720 4543 723 4551 =
