2946 5002
213 330 274 393 134
450 327 499 392 Io
518 326 649 413 Vipilo'o
665 327 902 414 plurimorum
916 328 1164 414 Apostolorum.

272 490 465 567 offortorium.

268 573 369 633 Gloria
390 582 421 633 ct
441 575 552 633 honore
569 574 716 633 coronasti
740 595 827 634 eum:
848 581 879 633 et
904 576 1085 635 constituisti
1107 597 1176 637 eum
1197 597 1286 655 super
1313 597 1399 656 opere

211 673 352 713 manuum
365 661 494 728 tuarum,
507 655 642 714 Domine.

269 734 312 792 Ia
321 742 442 812 tenpore
455 736 600 807 Poectole',
614 736 763 813 Alleluya.

270 815 392 875 Secreto.

267 896 399 974 Accepta
420 897 477 955 tibi
497 897 545 969 sit,
560 896 697 969 Domine,
712 898 824 968 {nostrae
846 898 1012 957 devotionis
1035 899 1168 974 oblatio;
1190 907 1221 959 ct
1244 901 1283 958 ad
1305 901 1400 959 sancti

209 977 334 1117 ιμιὲοϋ
346 979 393 1035 tui
406 977 445 1036 N.
460 980 592 1055 puriores
604 978 694 1036 iaciat
703 998 757 1036 nos
770 980 923 1055 pervenire
936 980 1173 1039 sollemnitatem.
1216 981 1283 1039 Per.

299 1057 455 1117 ommwoio.

270 1137 381 1215 Magna
398 1144 443 1221 est
459 1139 590 1216 gloriaj
565 1159 581 1196 e
593 1159 628 1197 us
641 1139 674 1196 in
691 1139 814 1198 salutari
830 1146 903 1198 tuo:
923 1141 1048 1218 gloriam
1067 1147 1098 1200 st
1111 1161 1254 1220 magnum
1267 1142 1401 1202 decorem

212 1219 344 1296 impones
357 1217 445 1296 super
458 1239 534 1291 eum,
546 1220 682 1278 Domine.

272 1300 313 1358 Ia
327 1309 448 1376 tempore
460 1299 606 1374 Posctoli,
622 1300 771 1377 Alleluya.

272 1380 512 1438 Postcommuaio.

271 1459 391 1532 Praesta,
416 1462 510 1533 nobis,
535 1466 643 1518 aeterne
663 1461 795 1537 largitor,
820 1463 884 1538 ejus
907 1463 1018 1539 ubique
1046 1464 1098 1540 pia
1121 1463 1235 1541 protegi
1259 1463 1400 1536 oratione,

212 1541 295 1617 cujus
321 1542 459 1599 natalitia
484 1560 537 1617 per
561 1541 623 1598 haec
649 1550 749 1600 sancta
775 1563 840 1619 quae
867 1546 1044 1619 sumpsimus
1071 1545 1176 1603 votivo
1203 1545 1403 1621 praevenimus

213 1622 358 1698 obsequio.
400 1622 460 1679 Per
473 1621 644 1680 Dominum.

479 1861 520 1920 Iu
540 1862 669 1920 Vrouun
686 1878 887 1920 rnuaruosuu
907 1863 1141 1923 Arosronorou.

274 1941 415 2019 Officium.

271 2023 399 2081 Intret'
390 2043 423 2080 m
450 2030 607 2100 conspectu
631 2029 694 2095 tuo,
715 2010 853 2098 Domine,
875 2024 1003 2100 gemitus
1030 2025 1283 2118 compeditorum
1313 2027 1402 2086 redde

208 2105 314 2162 vicinis
327 2104 434 2162 nostris
447 2105 636 2180 septuplum
626 2124 660 2161 ιιι
669 2105 767 2162 sinum
777 2125 897 2199 eorum;
917 2105 1035 2162 vindica
1045 2107 1219 2182 sanguinem
1232 2112 1402 2166 sanctorum

210 2191 338 2257 tuorum,
354 2205 405 2262 qur
396 2185 527 2242 effusus
541 2192 594 2243 est.

270 2264 312 2324 Io
325 2275 446 2340 tempora
458 2265 605 2338 Posolroli,
619 2265 768 2340 Alleluya,
783 2265 917 2342 alleluya.

271 2345 416 2403 Psalmos.

270 2427 361 2500 Deus,
375 2431 521 2483 venerunt
537 2432 640 2503 gentes
662 2426 696 2483 in
720 2426 923 2484 haereditatem
941 2431 1023 2484 tuam
1036 2424 1236 2503 :polluerunt
1257 2430 1402 2507 templum

211 2513 345 2567 sanctum
360 2515 464 2564 tuum:
484 2512 645 2584 posuerrmt
659 2507 847 2564 Hierusalem
860 2507 893 2564 in
905 2526 1061 2583 pomorum
1075 2508 1246 2566 custodiam.

276 2588 384 2647 Oratio.

272 2669 413 2742 Concede,
427 2688 602 2745 quaesumus,
617 2668 802 2745 omnipotens
816 2669 906 2739 Deus,
923 2674 958 2725 ut
972 2669 1048 2726 sicut
1061 2669 1265 2744 apostolorum
1277 2675 1400 2728 tuorum

212 2749 251 2806 N.
267 2755 298 2806 et
311 2748 350 2806 N.
371 2749 508 2806 natalitia
520 2749 645 2825 gloriosa
659 2749 859 2825 praevenimns,
876 2749 916 2806 sie
937 2748 973 2806 ad
988 2755 1041 2806 tua
1054 2750 1194 2826 beneficia
1207 2753 1401 2826 promerenda

213 2829 394 2906 majestatem
408 2836 488 2886 tuam
505 2849 557 2904 pro
570 2829 655 2886 nobis
668 2830 725 2905 ipsi
736 2830 925 2905 praeveniant.
967 2830 1026 2887 Per
1039 2830 1210 2888 Dominum.

273 2908 368 2966 Lectio
382 2909 451 2968 libri
462 2909 619 2984 Sapientia
629 2909 691 2987 (tit.
709 2909 782 2987 1-8)

272 2989 428 3047 Justorum
454 2990 560 3048 anianae
586 2989 619 3047 in
645 3009 735 3047 manu
758 2990 817 3048 Dei
841 2996 911 3048 sunt
934 3010 1025 3066 usquo
1048 2991 1089 3048 od
1109 2997 1139 3048 et
1159 2993 1296 3069 regnarit
1320 2993 1401 3052 Deus

214 3071 332 3128 illorum
345 3071 378 3127 in
390 3076 572 3148 perpetuum.

274 3149 406 3209 &odolo
447 3151 583 3223 Vindice,
599 3152 733 3222 Domine,
751 3171 845 3227 quaero
858 3152 893 3209 ia
900 3151 982 3209 Festo
990 3152 1191 3228 plurimorum
1203 3162 1378 3229 martynum.

271 3231 581 3308 NiDomo‘rtioosoorit,
593 3198 740 3308 Alleluyd
790 3233 819 3291 V.
842 3232 943 3291 Sancti
953 3234 1009 3306 tu1,
1018 3233 1155 3307 Domme,
1166 3234 1341 3292 benedicent
1354 3241 1400 3292 ιθ

214 3312 339 3390 gloriam
351 3315 435 3391 regni
447 3314 494 3371 tui
507 3315 612 3375 dicent.

273 3394 439 3454 Scortumn
451 3394 689 3472 hircanorum
706 3394 771 3452 511
776 3394 800 3471 )

273 3475 313 3533 In
325 3475 377 3533 illo
392 3482 530 3553 tempore,
546 3476 634 3533 Dixit
653 3477 672 3534 J
676 3495 741 3534 esus
754 3473 904 3551 discipulis
917 3475 994 3549 suis;
1016 3475 1080 3552 Ego
1093 3493 1159 3531 sum
1171 3474 1243 3532 vitis
1256 3493 1347 3551 eosque
1359 3477 1399 3534 od

214 3555 355 3632 gaudium
369 3563 499 3614 vestrum
511 3557 675 3632 impleatur.

274 3637 464 3710 Offertmium.
506 3637 706 3695 Exerultabunt
718 3636 819 3709 sancti,
834 3636 946 3710 requiro
966 3637 1000 3694 ira
1012 3635 1095 3694 Nesto
1110 3635 1311 3712 plurimorum
1325 3656 1400 3695 mar·
1426 3692 1430 3700 ,

216 3725 321 3792 tyrum.

274 3796 393 3857 Secreto.

273 3877 447 3937 Muneribus
464 3878 590 3951 nostris,
615 3878 750 3952 Domine,
775 3877 971 3954 apostolorum
994 3883 1113 3935 tuorum
1132 3876 1173 3934 N.
1196 3882 1227 3935 et
1250 3877 1302 3950 N.,
1326 3877 1400 3935 feste

211 3959 419 4034 praecedimus;
453 3979 618 4053 quaesumus
651 3965 686 4017 ut
719 3979 784 4036 quse
817 3959 1000 4017 conscientiae
1034 3964 1141 4017 nostroe
1178 3956 1400 4036 praepediuntur

212 4039 376 4111 obstaculis,
390 4040 509 4098 illorum
522 4040 635 4098 meritis
648 4046 732 4135 grata
744 4040 909 4098 reddantur.
953 4039 1018 4096 Per.

273 4085 451 4180 C'omrrioue'o.
493 4122 649 4180 Justorum
662 4122 774 4179 animae.

272 4200 509 4261 Postoormnuae'o.

270 4280 402 4358 Sumpto,
425 4284 561 4356 Domine,
584 4288 765 4342 sacramento
791 4281 963 4360 suppliciter
989 4280 1188 4357 deprecamur,
1216 4285 1252 4338 ut
1278 4279 1400 4338 interce

209 4359 345 4419 dentibus
366 4363 459 4422 beatis
479 4365 616 4441 apostolis
635 4365 696 4422 tuis
714 4363 752 4423 N.
774 4369 805 4422 et
822 4365 861 4422 N.
865 4361 969 4442 ,quod
988 4361 1188 4438 temporaliter
1201 4359 1339 4438 gerimus,
1360 4359 1399 4418 ad

209 4439 301 4499 vitam
314 4443 461 4520 capiamus
474 4452 621 4505 aeternam.
663 4445 728 4504 Per.
815 4472 818 4479 ·
