<?xml version="1.0" encoding="UTF-8"?>
<!DOCTYPE html PUBLIC "-//W3C//DTD XHTML 1.0 Transitional//EN"
    "http://www.w3.org/TR/xhtml1/DTD/xhtml1-transitional.dtd">
<html xmlns="http://www.w3.org/1999/xhtml" xml:lang="en" lang="en">
 <head>
  <title>
</title>
<meta http-equiv="Content-Type" content="text/html;charset=utf-8" />
  <meta name='ocr-system' content='tesseract 3.04.00' />
  <meta name='ocr-capabilities' content='ocr_page ocr_carea ocr_par ocr_line ocrx_word'/>
</head>
<body>
  <div class='ocr_page' id='page_1' title='image "./missaleadusumin02churgoog_0205.png"; bbox 0 0 2946 5002; ppageno 0'>
   <div class='ocr_carea' id='block_1_1' title="bbox 152 323 956 393">
    <p class='ocr_par' dir='ltr' id='par_1_1' title="bbox 152 323 956 393">
     <span class='ocr_line' id='line_1_1' title="bbox 152 323 956 393; baseline 0.002 -5"><span class='ocrx_word' id='word_1_1' title='bbox 152 326 213 393; x_wconf 83' lang='grc'>176</span> <span class='ocrx_word' id='word_1_2' title='bbox 550 323 725 390; x_wconf 71' lang='lat' dir='ltr'><strong>Orationes</strong></span> <span class='ocrx_word' id='word_1_3' title='bbox 749 324 956 390; x_wconf 65' lang='lat' dir='ltr'><strong>cornutam.</strong></span> 
     </span>
    </p>
   </div>
   <div class='ocr_carea' id='block_1_2' title="bbox 148 513 1355 1075">
    <p class='ocr_par' dir='ltr' id='par_1_2' title="bbox 618 513 884 573">
     <span class='ocr_line' id='line_1_2' title="bbox 618 513 884 573; baseline -0.004 0"><span class='ocrx_word' id='word_1_4' title='bbox 618 515 684 573; x_wconf 83' lang='lat' dir='ltr'><strong>Pac</strong></span> <span class='ocrx_word' id='word_1_5' title='bbox 705 513 884 572; x_wconf 82' lang='lat' dir='ltr'><strong>Snunrrrso.</strong></span> 
     </span>
    </p>

    <p class='ocr_par' dir='ltr' id='par_1_3' title="bbox 216 597 323 654">
     <span class='ocr_line' id='line_1_3' title="bbox 216 597 323 654; baseline 0 0"><span class='ocrx_word' id='word_1_6' title='bbox 216 597 323 654; x_wconf 79' lang='lat' dir='ltr'><strong>Oratio.</strong></span> 
     </span>
    </p>

    <p class='ocr_par' dir='ltr' id='par_1_4' title="bbox 149 673 1355 1075">
     <span class='ocr_line' id='line_1_4' title="bbox 210 673 1355 770; baseline 0.001 -37"><span class='ocrx_word' id='word_1_7' title='bbox 210 674 389 753; x_wconf 76' lang='lat' dir='ltr'>Suppliciter</span> <span class='ocrx_word' id='word_1_8' title='bbox 409 682 448 748; x_wconf 92' lang='lat' dir='ltr'><strong>te,</strong></span> <span class='ocrx_word' id='word_1_9' title='bbox 464 677 545 734; x_wconf 90' lang='lat' dir='ltr'><strong>Deus</strong></span> <span class='ocrx_word' id='word_1_10' title='bbox 560 676 658 746; x_wconf 91' lang='lat' dir='ltr'><strong>Pater,</strong></span> <span class='ocrx_word' id='word_1_11' title='bbox 673 675 726 752; x_wconf 89' lang='lat' dir='ltr'><strong>qui</strong></span> <span class='ocrx_word' id='word_1_12' title='bbox 740 695 770 733; x_wconf 90' lang='lat' dir='ltr'><strong>es</strong></span> <span class='ocrx_word' id='word_1_13' title='bbox 790 682 905 733; x_wconf 89' lang='lat' dir='ltr'><strong>creator</strong></span> <span class='ocrx_word' id='word_1_14' title='bbox 924 673 1057 732; x_wconf 91' lang='lat' dir='ltr'><strong>omnium</strong></span> <span class='ocrx_word' id='word_1_15' title='bbox 1071 695 1179 747; x_wconf 88' lang='lat' dir='ltr'><strong>rerum,</strong></span> <span class='ocrx_word' id='word_1_16' title='bbox 1195 675 1355 770; x_wconf 88' lang='lat' dir='ltr'><strong>depreoor3</strong></span> 
     </span>
     <span class='ocr_line' id='line_1_5' title="bbox 149 721 1354 852; baseline 0.002 -38"><span class='ocrx_word' id='word_1_17' title='bbox 149 764 193 829; x_wconf 91' lang='lat' dir='ltr'><strong>ut,</strong></span> <span class='ocrx_word' id='word_1_18' title='bbox 219 758 291 814; x_wconf 92' lang='lat' dir='ltr'><strong>dum</strong></span> <span class='ocrx_word' id='word_1_19' title='bbox 317 776 365 814; x_wconf 92' lang='lat' dir='ltr'><strong>me</strong></span> <span class='ocrx_word' id='word_1_20' title='bbox 389 721 533 814; x_wconf 72' lang='lat' dir='ltr'><strong>famulum</strong></span> <span class='ocrx_word' id='word_1_21' title='bbox 554 763 643 814; x_wconf 88' lang='lat' dir='ltr'><strong>tuum</strong></span> <span class='ocrx_word' id='word_1_22' title='bbox 667 756 705 814; x_wconf 86' lang='lat' dir='ltr'><strong>N.</strong></span> <span class='ocrx_word' id='word_1_23' title='bbox 732 775 830 813; x_wconf 89' lang='lat' dir='ltr'><strong>coram</strong></span> <span class='ocrx_word' id='word_1_24' title='bbox 857 755 1074 832; x_wconf 86' lang='lat' dir='ltr'><strong>omnipotentia</strong></span> <span class='ocrx_word' id='word_1_25' title='bbox 1100 757 1282 852; x_wconf 40' lang='lat' dir='ltr'><strong>majestatis·</strong></span> <span class='ocrx_word' id='word_1_26' title='bbox 1295 763 1354 816; x_wconf 84' lang='lat' dir='ltr'><strong>tuae</strong></span> 
     </span>
     <span class='ocr_line' id='line_1_6' title="bbox 148 836 1353 931; baseline 0.001 -36.018"><span class='ocrx_word' id='word_1_27' title='bbox 148 838 279 914; x_wconf 88' lang='lat' dir='ltr'><strong>graviter</strong></span> <span class='ocrx_word' id='word_1_28' title='bbox 311 838 469 915; x_wconf 75' lang='lat' dir='ltr'><strong>deliquisse</strong></span> <span class='ocrx_word' id='word_1_29' title='bbox 504 837 654 908; x_wconf 88' lang='lat' dir='ltr'><strong>confiteor,</strong></span> <span class='ocrx_word' id='word_1_30' title='bbox 682 856 805 894; x_wconf 92' lang='lat' dir='ltr'><strong>manum</strong></span> <span class='ocrx_word' id='word_1_31' title='bbox 845 837 921 894; x_wconf 92' lang='lat' dir='ltr'><strong>mihi</strong></span> <span class='ocrx_word' id='word_1_32' title='bbox 957 836 1164 895; x_wconf 85' lang='lat' dir='ltr'><strong>misericordiae</strong></span> <span class='ocrx_word' id='word_1_33' title='bbox 1201 839 1353 931; x_wconf 87' lang='lat' dir='ltr'><strong>porrigas3</strong></span> 
     </span>
     <span class='ocr_line' id='line_1_7' title="bbox 149 917 1352 995; baseline 0.002 -19"><span class='ocrx_word' id='word_1_34' title='bbox 149 920 290 995; x_wconf 82' lang='lat' dir='ltr'><strong>quatinus</strong></span> <span class='ocrx_word' id='word_1_35' title='bbox 303 918 424 975; x_wconf 79' lang='lat' dir='ltr'><strong>dum‹r</strong></span> <span class='ocrx_word' id='word_1_36' title='bbox 388 938 441 994; x_wconf 88' lang='lat' dir='ltr'><strong>ego</strong></span> <span class='ocrx_word' id='word_1_37' title='bbox 454 919 531 976; x_wconf 89' lang='lat' dir='ltr'><strong>hanc</strong></span> <span class='ocrx_word' id='word_1_38' title='bbox 545 918 724 975; x_wconf 89' lang='lat' dir='ltr'><strong>oblationem</strong></span> <span class='ocrx_word' id='word_1_39' title='bbox 737 925 797 974; x_wconf 83' lang='lat' dir='ltr'><strong>tuae</strong></span> <span class='ocrx_word' id='word_1_40' title='bbox 819 917 925 993; x_wconf 84' lang='lat' dir='ltr'><strong>pietati</strong></span> <span class='ocrx_word' id='word_1_41' title='bbox 946 935 999 993; x_wconf 90' lang='lat' dir='ltr'><strong>pro</strong></span> <span class='ocrx_word' id='word_1_42' title='bbox 1012 918 1138 994; x_wconf 88' lang='lat' dir='ltr'><strong>peccatis</strong></span> <span class='ocrx_word' id='word_1_43' title='bbox 1158 919 1233 976; x_wconf 89' lang='lat' dir='ltr'><strong>meis</strong></span> <span class='ocrx_word' id='word_1_44' title='bbox 1253 919 1352 994; x_wconf 75' lang='lat' dir='ltr'><strong>odero,</strong></span> 
     </span>
     <span class='ocr_line' id='line_1_8' title="bbox 149 997 1332 1075; baseline 0.002 -19"><span class='ocrx_word' id='word_1_45' title='bbox 149 1001 227 1075; x_wconf 92' lang='lat' dir='ltr'><strong>quod</strong></span> <span class='ocrx_word' id='word_1_46' title='bbox 239 999 376 1075; x_wconf 90' lang='lat' dir='ltr'><strong>nequiter</strong></span> <span class='ocrx_word' id='word_1_47' title='bbox 389 999 495 1057; x_wconf 82' lang='lat' dir='ltr'><strong>admisi</strong></span> <span class='ocrx_word' id='word_1_48' title='bbox 508 999 733 1057; x_wconf 90' lang='lat' dir='ltr'><strong>clementissime</strong></span> <span class='ocrx_word' id='word_1_49' title='bbox 747 997 875 1074; x_wconf 87' lang='lat' dir='ltr'><strong>digneris</strong></span> <span class='ocrx_word' id='word_1_50' title='bbox 888 998 1044 1056; x_wconf 87' lang='lat' dir='ltr'><strong>absolvere.</strong></span> <span class='ocrx_word' id='word_1_51' title='bbox 1088 998 1148 1056; x_wconf 88' lang='lat' dir='ltr'><strong>Per</strong></span> <span class='ocrx_word' id='word_1_52' title='bbox 1158 999 1332 1059; x_wconf 89' lang='lat' dir='ltr'><strong>Dominum.</strong></span> 
     </span>
    </p>
   </div>
   <div class='ocr_carea' id='block_1_3' title="bbox 144 1079 1351 2122">
    <p class='ocr_par' dir='ltr' id='par_1_5' title="bbox 208 1079 330 1138">
     <span class='ocr_line' id='line_1_9' title="bbox 208 1079 330 1138; baseline -0.009 0"><span class='ocrx_word' id='word_1_53' title='bbox 208 1079 330 1138; x_wconf 84' lang='lat' dir='ltr'><strong>Secreta.</strong></span> 
     </span>
    </p>

    <p class='ocr_par' dir='ltr' id='par_1_6' title="bbox 146 1158 1351 1640">
     <span class='ocr_line' id='line_1_10' title="bbox 209 1158 1349 1238; baseline 0.002 -20"><span class='ocrx_word' id='word_1_54' title='bbox 209 1161 291 1219; x_wconf 87' lang='lat' dir='ltr'><strong>Deus</strong></span> <span class='ocrx_word' id='word_1_55' title='bbox 305 1160 519 1231; x_wconf 72' lang='lat' dir='ltr'><strong>misericordiae,</strong></span> <span class='ocrx_word' id='word_1_56' title='bbox 530 1160 611 1217; x_wconf 91' lang='lat' dir='ltr'><strong>Deus</strong></span> <span class='ocrx_word' id='word_1_57' title='bbox 625 1159 754 1235; x_wconf 88' lang='lat' dir='ltr'><strong>pietatis,</strong></span> <span class='ocrx_word' id='word_1_58' title='bbox 769 1158 851 1216; x_wconf 87' lang='lat' dir='ltr'><strong>Deus</strong></span> <span class='ocrx_word' id='word_1_59' title='bbox 864 1158 1080 1236; x_wconf 86' lang='lat' dir='ltr'><strong>indulgentiae3</strong></span> <span class='ocrx_word' id='word_1_60' title='bbox 1096 1159 1227 1237; x_wconf 85' lang='lat' dir='ltr'><strong>indulge,</strong></span> <span class='ocrx_word' id='word_1_61' title='bbox 1243 1180 1349 1238; x_wconf 83' lang='lat' dir='ltr'><strong>quaeso,</strong></span> 
     </span>
     <span class='ocr_line' id='line_1_11' title="bbox 148 1239 1351 1318; baseline 0.002 -20"><span class='ocrx_word' id='word_1_62' title='bbox 148 1247 179 1298; x_wconf 91' lang='lat' dir='ltr'><strong>et</strong></span> <span class='ocrx_word' id='word_1_63' title='bbox 192 1242 329 1299; x_wconf 88' lang='lat' dir='ltr'><strong>miserere</strong></span> <span class='ocrx_word' id='word_1_64' title='bbox 342 1261 402 1299; x_wconf 82' lang='lat' dir='ltr'><strong>mer</strong></span> <span class='ocrx_word' id='word_1_65' title='bbox 392 1241 494 1298; x_wconf 88' lang='lat' dir='ltr'><strong>servi</strong></span> <span class='ocrx_word' id='word_1_66' title='bbox 516 1240 572 1312; x_wconf 89' lang='lat' dir='ltr'><strong>tui,</strong></span> <span class='ocrx_word' id='word_1_67' title='bbox 594 1246 630 1297; x_wconf 93' lang='lat' dir='ltr'><strong>ut</strong></span> <span class='ocrx_word' id='word_1_68' title='bbox 654 1240 828 1297; x_wconf 89' lang='lat' dir='ltr'><strong>sacrificium</strong></span> <span class='ocrx_word' id='word_1_69' title='bbox 850 1239 930 1316; x_wconf 90' lang='lat' dir='ltr'><strong>quod</strong></span> <span class='ocrx_word' id='word_1_70' title='bbox 953 1240 1058 1315; x_wconf 86' lang='lat' dir='ltr'><strong>pietati</strong></span> <span class='ocrx_word' id='word_1_71' title='bbox 1072 1245 1132 1298; x_wconf 86' lang='lat' dir='ltr'><strong>tuae</strong></span> <span class='ocrx_word' id='word_1_72' title='bbox 1152 1260 1207 1317; x_wconf 91' lang='lat' dir='ltr'><strong>pro</strong></span> <span class='ocrx_word' id='word_1_73' title='bbox 1225 1244 1351 1318; x_wconf 86' lang='lat' dir='ltr'><strong>peccatis</strong></span> 
     </span>
     <span class='ocr_line' id='line_1_12' title="bbox 148 1321 1350 1398; baseline 0.002 -19"><span class='ocrx_word' id='word_1_74' title='bbox 148 1323 220 1380; x_wconf 91' lang='lat' dir='ltr'><strong>meis</strong></span> <span class='ocrx_word' id='word_1_75' title='bbox 234 1323 331 1394; x_wconf 87' lang='lat' dir='ltr'><strong>offero,</strong></span> <span class='ocrx_word' id='word_1_76' title='bbox 346 1322 471 1398; x_wconf 83' lang='lat' dir='ltr'><strong>benigne</strong></span> <span class='ocrx_word' id='word_1_77' title='bbox 485 1322 630 1397; x_wconf 82' lang='lat' dir='ltr'><strong>suscipere</strong></span> <span class='ocrx_word' id='word_1_78' title='bbox 644 1321 773 1397; x_wconf 89' lang='lat' dir='ltr'><strong>digneris</strong></span> <span class='ocrx_word' id='word_1_79' title='bbox 785 1341 793 1392; x_wconf 91' lang='lat'>3</span> <span class='ocrx_word' id='word_1_80' title='bbox 813 1327 844 1377; x_wconf 89' lang='lat' dir='ltr'><strong>et</strong></span> <span class='ocrx_word' id='word_1_81' title='bbox 867 1331 985 1397; x_wconf 85' lang='lat' dir='ltr'><strong>peccata</strong></span> <span class='ocrx_word' id='word_1_82' title='bbox 998 1340 1063 1398; x_wconf 87' lang='lat' dir='ltr'><strong>quae</strong></span> <span class='ocrx_word' id='word_1_83' title='bbox 1085 1321 1255 1397; x_wconf 82' lang='lat' dir='ltr'><strong>labentibus</strong></span> <span class='ocrx_word' id='word_1_84' title='bbox 1268 1324 1350 1381; x_wconf 84' lang='lat' dir='ltr'><strong>vitiis</strong></span> 
     </span>
     <span class='ocr_line' id='line_1_13' title="bbox 147 1400 1350 1480; baseline 0.002 -22"><span class='ocrx_word' id='word_1_85' title='bbox 147 1423 200 1479; x_wconf 92' lang='lat' dir='ltr'><strong>per</strong></span> <span class='ocrx_word' id='word_1_86' title='bbox 219 1403 418 1478; x_wconf 87' lang='lat' dir='ltr'><strong>ignorantiam</strong></span> <span class='ocrx_word' id='word_1_87' title='bbox 431 1403 575 1472; x_wconf 72' lang='lat' dir='ltr'><strong>contraxi,</strong></span> <span class='ocrx_word' id='word_1_88' title='bbox 589 1401 656 1477; x_wconf 89' lang='lat' dir='ltr'><strong>pius</strong></span> <span class='ocrx_word' id='word_1_89' title='bbox 680 1420 714 1457; x_wconf 87' lang='lat' dir='ltr'><strong>ac</strong></span> <span class='ocrx_word' id='word_1_90' title='bbox 737 1401 882 1477; x_wconf 88' lang='lat' dir='ltr'><strong>propitius</strong></span> <span class='ocrx_word' id='word_1_91' title='bbox 906 1421 939 1458; x_wconf 90' lang='lat' dir='ltr'><strong>ac</strong></span> <span class='ocrx_word' id='word_1_92' title='bbox 952 1401 1116 1459; x_wconf 87' lang='lat' dir='ltr'><strong>misericors</strong></span> <span class='ocrx_word' id='word_1_93' title='bbox 1129 1400 1301 1480; x_wconf 86' lang='lat' dir='ltr'><strong>indulgeas3</strong></span> <span class='ocrx_word' id='word_1_94' title='bbox 1321 1410 1350 1461; x_wconf 93' lang='lat' dir='ltr'><strong>et</strong></span> 
     </span>
     <span class='ocr_line' id='line_1_14' title="bbox 147 1481 1348 1560; baseline 0.002 -21"><span class='ocrx_word' id='word_1_95' title='bbox 147 1484 244 1540; x_wconf 90' lang='lat' dir='ltr'><strong>locum</strong></span> <span class='ocrx_word' id='word_1_96' title='bbox 267 1483 447 1560; x_wconf 84' lang='lat' dir='ltr'><strong>paenitentiae</strong></span> <span class='ocrx_word' id='word_1_97' title='bbox 471 1501 505 1539; x_wconf 87' lang='lat' dir='ltr'><strong>ac</strong></span> <span class='ocrx_word' id='word_1_98' title='bbox 528 1482 652 1539; x_wconf 89' lang='lat' dir='ltr'><strong>flumina</strong></span> <span class='ocrx_word' id='word_1_99' title='bbox 675 1481 872 1557; x_wconf 80' lang='lat' dir='ltr'><strong>lacrymarum</strong></span> <span class='ocrx_word' id='word_1_100' title='bbox 895 1482 1042 1554; x_wconf 90' lang='lat' dir='ltr'><strong>concedas,</strong></span> <span class='ocrx_word' id='word_1_101' title='bbox 1068 1488 1105 1539; x_wconf 92' lang='lat' dir='ltr'><strong>ut</strong></span> <span class='ocrx_word' id='word_1_102' title='bbox 1128 1484 1249 1541; x_wconf 86' lang='lat' dir='ltr'><strong>veniam</strong></span> <span class='ocrx_word' id='word_1_103' title='bbox 1276 1504 1294 1542; x_wconf 86' lang='lat' dir='ltr'><strong>a</strong></span> <span class='ocrx_word' id='word_1_104' title='bbox 1319 1490 1348 1542; x_wconf 88' lang='lat' dir='ltr'><strong>te</strong></span> 
     </span>
     <span class='ocr_line' id='line_1_15' title="bbox 146 1561 706 1640; baseline -0.004 -20"><span class='ocrx_word' id='word_1_105' title='bbox 146 1583 260 1620; x_wconf 88' lang='lat' dir='ltr'><strong>merear</strong></span> <span class='ocrx_word' id='word_1_106' title='bbox 272 1564 401 1640; x_wconf 89' lang='lat' dir='ltr'><strong>accipere</strong></span> <span class='ocrx_word' id='word_1_107' title='bbox 414 1563 596 1620; x_wconf 87' lang='lat' dir='ltr'><strong>delictorum.</strong></span> <span class='ocrx_word' id='word_1_108' title='bbox 641 1561 706 1619; x_wconf 89' lang='lat' dir='ltr'><strong>Per.</strong></span> 
     </span>
    </p>

    <p class='ocr_par' dir='ltr' id='par_1_7' title="bbox 208 1644 448 1702">
     <span class='ocr_line' id='line_1_16' title="bbox 208 1644 448 1702; baseline 0.009 -2"><span class='ocrx_word' id='word_1_109' title='bbox 208 1644 448 1702; x_wconf 79' lang='lat' dir='ltr'><strong>Postcommunio</strong></span> 
     </span>
    </p>

    <p class='ocr_par' dir='ltr' id='par_1_8' title="bbox 144 1724 1348 2122">
     <span class='ocr_line' id='line_1_17' title="bbox 207 1724 1348 1802; baseline 0.001 -20"><span class='ocrx_word' id='word_1_110' title='bbox 207 1725 297 1798; x_wconf 88' lang='lat' dir='ltr'><strong>Deus,</strong></span> <span class='ocrx_word' id='word_1_111' title='bbox 313 1725 366 1802; x_wconf 91' lang='lat' dir='ltr'><strong>qui</strong></span> <span class='ocrx_word' id='word_1_112' title='bbox 388 1725 526 1782; x_wconf 88' lang='lat' dir='ltr'><strong>vivorum</strong></span> <span class='ocrx_word' id='word_1_113' title='bbox 548 1744 579 1781; x_wconf 86' lang='lat' dir='ltr'><strong>es</strong></span> <span class='ocrx_word' id='word_1_114' title='bbox 602 1724 732 1781; x_wconf 89' lang='lat' dir='ltr'><strong>salvator</strong></span> <span class='ocrx_word' id='word_1_115' title='bbox 754 1724 896 1795; x_wconf 89' lang='lat' dir='ltr'><strong>omnium,</strong></span> <span class='ocrx_word' id='word_1_116' title='bbox 912 1724 1038 1800; x_wconf 87' lang='lat' dir='ltr'><strong>quinon</strong></span> <span class='ocrx_word' id='word_1_117' title='bbox 1051 1724 1097 1781; x_wconf 85' lang='lat' dir='ltr'><strong>vis</strong></span> <span class='ocrx_word' id='word_1_118' title='bbox 1111 1731 1240 1782; x_wconf 88' lang='lat' dir='ltr'><strong>mortem</strong></span> <span class='ocrx_word' id='word_1_119' title='bbox 1254 1744 1348 1802; x_wconf 88' lang='lat' dir='ltr'><strong>peeca-</strong></span> 
     </span>
     <span class='ocr_line' id='line_1_18' title="bbox 145 1805 1348 1882; baseline 0.002 -20"><span class='ocrx_word' id='word_1_120' title='bbox 145 1811 244 1862; x_wconf 88' lang='lat' dir='ltr'><strong>torum</strong></span> <span class='ocrx_word' id='word_1_121' title='bbox 266 1826 320 1864; x_wconf 90' lang='lat' dir='ltr'><strong>nec</strong></span> <span class='ocrx_word' id='word_1_122' title='bbox 343 1806 483 1863; x_wconf 85' lang='lat' dir='ltr'><strong>laetaris</strong></span> <span class='ocrx_word' id='word_1_123' title='bbox 474 1825 507 1862; x_wconf 88' lang='lat' dir='ltr'><strong>m</strong></span> <span class='ocrx_word' id='word_1_124' title='bbox 530 1805 695 1881; x_wconf 72' lang='lat' dir='ltr'><strong>perditione</strong></span> <span class='ocrx_word' id='word_1_125' title='bbox 718 1805 907 1861; x_wconf 87' lang='lat' dir='ltr'><strong>morientium</strong></span> <span class='ocrx_word' id='word_1_126' title='bbox 919 1824 927 1876; x_wconf 88' lang='lat'>3</span> <span class='ocrx_word' id='word_1_127' title='bbox 948 1810 978 1861; x_wconf 92' lang='lat' dir='ltr'><strong>te</strong></span> <span class='ocrx_word' id='word_1_128' title='bbox 996 1805 1120 1880; x_wconf 89' lang='lat' dir='ltr'><strong>supplex</strong></span> <span class='ocrx_word' id='word_1_129' title='bbox 1142 1806 1292 1882; x_wconf 90' lang='lat' dir='ltr'><strong>deprecor,</strong></span> <span class='ocrx_word' id='word_1_130' title='bbox 1314 1812 1348 1864; x_wconf 92' lang='lat' dir='ltr'><strong>ut</strong></span> 
     </span>
     <span class='ocr_line' id='line_1_19' title="bbox 145 1886 1348 1956; baseline 0.001 -12"><span class='ocrx_word' id='word_1_131' title='bbox 145 1887 283 1944; x_wconf 88' lang='lat' dir='ltr'><strong>concedas</strong></span> <span class='ocrx_word' id='word_1_132' title='bbox 304 1888 379 1944; x_wconf 83' lang='lat' dir='ltr'><strong>milri</strong></span> <span class='ocrx_word' id='word_1_133' title='bbox 405 1886 523 1944; x_wconf 85' lang='lat' dir='ltr'><strong>veniam</strong></span> <span class='ocrx_word' id='word_1_134' title='bbox 551 1886 724 1942; x_wconf 88' lang='lat' dir='ltr'><strong>delictorum</strong></span> <span class='ocrx_word' id='word_1_135' title='bbox 749 1905 888 1956; x_wconf 89' lang='lat' dir='ltr'><strong>meorum,</strong></span> <span class='ocrx_word' id='word_1_136' title='bbox 912 1891 947 1942; x_wconf 91' lang='lat' dir='ltr'><strong>ut</strong></span> <span class='ocrx_word' id='word_1_137' title='bbox 970 1891 1001 1942; x_wconf 91' lang='lat' dir='ltr'><strong>et</strong></span> <span class='ocrx_word' id='word_1_138' title='bbox 1024 1887 1151 1942; x_wconf 86' lang='lat' dir='ltr'><strong>admissa</strong></span> <span class='ocrx_word' id='word_1_139' title='bbox 1174 1887 1299 1944; x_wconf 88' lang='lat' dir='ltr'><strong>defleam</strong></span> <span class='ocrx_word' id='word_1_140' title='bbox 1318 1893 1348 1945; x_wconf 90' lang='lat' dir='ltr'><strong>et</strong></span> 
     </span>
     <span class='ocr_line' id='line_1_20' title="bbox 144 1965 1346 2044; baseline 0 -19"><span class='ocrx_word' id='word_1_141' title='bbox 144 1968 332 2044; x_wconf 89' lang='lat' dir='ltr'><strong>postmodum</strong></span> <span class='ocrx_word' id='word_1_142' title='bbox 353 1987 414 2025; x_wconf 89' lang='lat' dir='ltr'><strong>non</strong></span> <span class='ocrx_word' id='word_1_143' title='bbox 438 1967 596 2025; x_wconf 73' lang='lat' dir='ltr'><strong>admittam</strong></span> <span class='ocrx_word' id='word_1_144' title='bbox 608 1986 616 2038; x_wconf 88' lang='lat'>3</span> <span class='ocrx_word' id='word_1_145' title='bbox 640 1972 676 2022; x_wconf 93' lang='lat' dir='ltr'><strong>ut</strong></span> <span class='ocrx_word' id='word_1_146' title='bbox 700 1986 767 2022; x_wconf 90' lang='lat' dir='ltr'><strong>cum</strong></span> <span class='ocrx_word' id='word_1_147' title='bbox 790 1967 866 2022; x_wconf 89' lang='lat' dir='ltr'><strong>mihi</strong></span> <span class='ocrx_word' id='word_1_148' title='bbox 887 1965 1019 2022; x_wconf 81' lang='lat' dir='ltr'><strong>extrema</strong></span> <span class='ocrx_word' id='word_1_149' title='bbox 1041 1966 1103 2023; x_wconf 88' lang='lat' dir='ltr'><strong>dies</strong></span> <span class='ocrx_word' id='word_1_150' title='bbox 1125 1967 1254 2044; x_wconf 89' lang='lat' dir='ltr'><strong>finisque</strong></span> <span class='ocrx_word' id='word_1_151' title='bbox 1278 1969 1346 2026; x_wconf 81' lang='lat' dir='ltr'><strong>vite</strong></span> 
     </span>
     <span class='ocr_line' id='line_1_21' title="bbox 145 2047 1346 2122; baseline 0.002 -18"><span class='ocrx_word' id='word_1_152' title='bbox 145 2068 216 2106; x_wconf 80' lang='lat' dir='ltr'><strong>meae</strong></span> <span class='ocrx_word' id='word_1_153' title='bbox 238 2049 400 2120; x_wconf 88' lang='lat' dir='ltr'><strong>advenerit,</strong></span> <span class='ocrx_word' id='word_1_154' title='bbox 426 2048 615 2105; x_wconf 91' lang='lat' dir='ltr'><strong>emendatum</strong></span> <span class='ocrx_word' id='word_1_155' title='bbox 641 2047 757 2103; x_wconf 93' lang='lat' dir='ltr'><strong>delictis</strong></span> <span class='ocrx_word' id='word_1_156' title='bbox 790 2047 926 2104; x_wconf 91' lang='lat' dir='ltr'><strong>omnibus</strong></span> <span class='ocrx_word' id='word_1_157' title='bbox 958 2066 1005 2103; x_wconf 91' lang='lat' dir='ltr'><strong>me</strong></span> <span class='ocrx_word' id='word_1_158' title='bbox 1032 2047 1154 2122; x_wconf 88' lang='lat' dir='ltr'><strong>angelus</strong></span> <span class='ocrx_word' id='word_1_159' title='bbox 1180 2048 1346 2108; x_wconf 82' lang='lat' dir='ltr'><strong>sanctitatis</strong></span> 
     </span>
    </p>
   </div>
   <div class='ocr_carea' id='block_1_4' title="bbox 140 2129 385 2206">
    <p class='ocr_par' dir='ltr' id='par_1_9' title="bbox 140 2129 385 2206">
     <span class='ocr_line' id='line_1_22' title="bbox 140 2129 385 2206; baseline 0.008 -21"><span class='ocrx_word' id='word_1_160' title='bbox 140 2129 276 2206; x_wconf 85' lang='lat' dir='ltr'><strong>accipiat.</strong></span> <span class='ocrx_word' id='word_1_161' title='bbox 320 2130 385 2188; x_wconf 89' lang='lat' dir='ltr'><strong>Per.</strong></span> 
     </span>
    </p>
   </div>
   <div class='ocr_carea' id='block_1_5' title="bbox 143 2239 1346 2705">
    <p class='ocr_par' dir='ltr' id='par_1_10' title="bbox 506 2239 978 2299">
     <span class='ocr_line' id='line_1_23' title="bbox 506 2239 978 2299; baseline -0.004 -1"><span class='ocrx_word' id='word_1_162' title='bbox 506 2243 558 2298; x_wconf 88' lang='lat' dir='ltr'><strong>An</strong></span> <span class='ocrx_word' id='word_1_163' title='bbox 581 2256 802 2299; x_wconf 77' lang='lat' dir='ltr'><strong>rosruuaunau</strong></span> <span class='ocrx_word' id='word_1_164' title='bbox 823 2239 978 2297; x_wconf 76' lang='lat' dir='ltr'><strong>Gsarrau.</strong></span> 
     </span>
    </p>

    <p class='ocr_par' dir='ltr' id='par_1_11' title="bbox 206 2322 315 2382">
     <span class='ocr_line' id='line_1_24' title="bbox 206 2322 315 2382; baseline 0.009 -1"><span class='ocrx_word' id='word_1_165' title='bbox 206 2322 315 2382; x_wconf 73' lang='lat' dir='ltr'><strong>Oratis.</strong></span> 
     </span>
    </p>

    <p class='ocr_par' dir='ltr' id='par_1_12' title="bbox 143 2400 1346 2705">
     <span class='ocr_line' id='line_1_25' title="bbox 204 2400 1345 2479; baseline -0.001 -17"><span class='ocrx_word' id='word_1_166' title='bbox 204 2405 294 2476; x_wconf 90' lang='lat' dir='ltr'><strong>Deus,</strong></span> <span class='ocrx_word' id='word_1_167' title='bbox 310 2403 358 2461; x_wconf 92' lang='lat' dir='ltr'><strong>cui</strong></span> <span class='ocrx_word' id='word_1_168' title='bbox 372 2423 458 2460; x_wconf 87' lang='lat' dir='ltr'><strong>omne</strong></span> <span class='ocrx_word' id='word_1_169' title='bbox 472 2422 522 2460; x_wconf 88' lang='lat' dir='ltr'><strong>cor</strong></span> <span class='ocrx_word' id='word_1_170' title='bbox 534 2407 626 2479; x_wconf 90' lang='lat' dir='ltr'><strong>patet,</strong></span> <span class='ocrx_word' id='word_1_171' title='bbox 637 2407 667 2460; x_wconf 92' lang='lat' dir='ltr'><strong>et</strong></span> <span class='ocrx_word' id='word_1_172' title='bbox 680 2401 777 2459; x_wconf 91' lang='lat' dir='ltr'><strong>omnis</strong></span> <span class='ocrx_word' id='word_1_173' title='bbox 785 2400 1072 2478; x_wconf 85' lang='lat' dir='ltr'><strong>voluntasloquitur,</strong></span> <span class='ocrx_word' id='word_1_174' title='bbox 1083 2408 1114 2459; x_wconf 89' lang='lat' dir='ltr'><strong>et</strong></span> <span class='ocrx_word' id='word_1_175' title='bbox 1127 2422 1216 2478; x_wconf 90' lang='lat' dir='ltr'><strong>quem</strong></span> <span class='ocrx_word' id='word_1_176' title='bbox 1229 2404 1345 2461; x_wconf 91' lang='lat' dir='ltr'><strong>nullum</strong></span> 
     </span>
     <span class='ocr_line' id='line_1_26' title="bbox 143 2482 1346 2561; baseline 0 -18"><span class='ocrx_word' id='word_1_177' title='bbox 143 2486 216 2543; x_wconf 88' lang='lat' dir='ltr'><strong>latet</strong></span> <span class='ocrx_word' id='word_1_178' title='bbox 243 2491 387 2543; x_wconf 89' lang='lat' dir='ltr'><strong>secretum</strong></span> <span class='ocrx_word' id='word_1_179' title='bbox 398 2505 406 2557; x_wconf 91' lang='lat'>3</span> <span class='ocrx_word' id='word_1_180' title='bbox 436 2484 559 2560; x_wconf 87' lang='lat' dir='ltr'><strong>purifica</strong></span> <span class='ocrx_word' id='word_1_181' title='bbox 585 2502 638 2559; x_wconf 89' lang='lat' dir='ltr'><strong>per</strong></span> <span class='ocrx_word' id='word_1_182' title='bbox 664 2483 841 2540; x_wconf 84' lang='lat' dir='ltr'><strong>infusionem</strong></span> <span class='ocrx_word' id='word_1_183' title='bbox 868 2482 970 2540; x_wconf 79' lang='lat' dir='ltr'><strong>Sancti</strong></span> <span class='ocrx_word' id='word_1_184' title='bbox 997 2482 1125 2560; x_wconf 78' lang='lat' dir='ltr'><strong>Spiritus</strong></span> <span class='ocrx_word' id='word_1_185' title='bbox 1153 2485 1346 2561; x_wconf 88' lang='lat' dir='ltr'><strong>cogitationes</strong></span> 
     </span>
     <span class='ocr_line' id='line_1_27' title="bbox 143 2563 1345 2641; baseline -0.002 -17"><span class='ocrx_word' id='word_1_186' title='bbox 143 2567 237 2624; x_wconf 87' lang='lat' dir='ltr'><strong>cordis</strong></span> <span class='ocrx_word' id='word_1_187' title='bbox 251 2566 354 2638; x_wconf 89' lang='lat' dir='ltr'><strong>nostri,</strong></span> <span class='ocrx_word' id='word_1_188' title='bbox 369 2571 404 2622; x_wconf 90' lang='lat' dir='ltr'><strong>ut</strong></span> <span class='ocrx_word' id='word_1_189' title='bbox 427 2565 554 2641; x_wconf 88' lang='lat' dir='ltr'><strong>perfecte</strong></span> <span class='ocrx_word' id='word_1_190' title='bbox 578 2571 609 2622; x_wconf 89' lang='lat' dir='ltr'><strong>te</strong></span> <span class='ocrx_word' id='word_1_191' title='bbox 633 2564 753 2641; x_wconf 89' lang='lat' dir='ltr'><strong>diligere</strong></span> <span class='ocrx_word' id='word_1_192' title='bbox 778 2570 808 2620; x_wconf 92' lang='lat' dir='ltr'><strong>et</strong></span> <span class='ocrx_word' id='word_1_193' title='bbox 832 2563 918 2639; x_wconf 80' lang='lat' dir='ltr'><strong>digne</strong></span> <span class='ocrx_word' id='word_1_194' title='bbox 936 2564 1056 2621; x_wconf 86' lang='lat' dir='ltr'><strong>laudare</strong></span> <span class='ocrx_word' id='word_1_195' title='bbox 1069 2584 1244 2623; x_wconf 88' lang='lat' dir='ltr'><strong>mereamur.</strong></span> <span class='ocrx_word' id='word_1_196' title='bbox 1288 2567 1345 2624; x_wconf 89' lang='lat' dir='ltr'><strong>Per</strong></span> 
     </span>
     <span class='ocr_line' id='line_1_28' title="bbox 144 2645 533 2705; baseline -0.003 -2"><span class='ocrx_word' id='word_1_197' title='bbox 144 2648 312 2705; x_wconf 88' lang='lat' dir='ltr'><strong>Dominum.</strong></span> <span class='ocrx_word' id='word_1_198' title='bbox 357 2647 396 2703; x_wconf 91' lang='lat' dir='ltr'><strong>In</strong></span> <span class='ocrx_word' id='word_1_199' title='bbox 409 2645 533 2703; x_wconf 87' lang='lat' dir='ltr'><strong>unitate.</strong></span> 
     </span>
    </p>
   </div>
   <div class='ocr_carea' id='block_1_6' title="bbox 134 2728 1343 2882">
    <p class='ocr_par' dir='ltr' id='par_1_13' title="bbox 134 2728 1343 2882">
     <span class='ocr_line' id='line_1_29' title="bbox 134 2728 322 2786; baseline -0.011 0"><span class='ocrx_word' id='word_1_200' title='bbox 134 2759 136 2763; x_wconf 95' lang='lat'>·</span> <span class='ocrx_word' id='word_1_201' title='bbox 202 2728 322 2786; x_wconf 83' lang='lat' dir='ltr'><strong>Secreta.</strong></span> 
     </span>
     <span class='ocr_line' id='line_1_30' title="bbox 203 2805 1343 2882; baseline 0.002 -18"><span class='ocrx_word' id='word_1_202' title='bbox 203 2807 282 2867; x_wconf 76' lang='lat' dir='ltr'><strong>Haec,</strong></span> <span class='ocrx_word' id='word_1_203' title='bbox 289 2807 408 2877; x_wconf 85' lang='lat' dir='ltr'><strong>oblatio,</strong></span> <span class='ocrx_word' id='word_1_204' title='bbox 419 2825 595 2882; x_wconf 81' lang='lat' dir='ltr'><strong>quaesumus.</strong></span> <span class='ocrx_word' id='word_1_205' title='bbox 606 2805 733 2863; x_wconf 87' lang='lat' dir='ltr'><strong>Domine</strong></span> <span class='ocrx_word' id='word_1_206' title='bbox 743 2805 833 2875; x_wconf 82' lang='lat' dir='ltr'><strong>Deus,</strong></span> <span class='ocrx_word' id='word_1_207' title='bbox 844 2805 938 2863; x_wconf 90' lang='lat' dir='ltr'><strong>cordis</strong></span> <span class='ocrx_word' id='word_1_208' title='bbox 948 2805 1043 2863; x_wconf 90' lang='lat' dir='ltr'><strong>nostri</strong></span> <span class='ocrx_word' id='word_1_209' title='bbox 1053 2806 1183 2864; x_wconf 84' lang='lat' dir='ltr'><strong>maculas</strong></span> <span class='ocrx_word' id='word_1_210' title='bbox 1194 2808 1343 2878; x_wconf 87' lang='lat' dir='ltr'><strong>emundet,</strong></span> 
     </span>
    </p>
   </div>
   <div class='ocr_carea' id='block_1_7' title="bbox 142 2886 1343 3044">
    <p class='ocr_par' dir='ltr' id='par_1_14' title="bbox 142 2886 1343 3044">
     <span class='ocr_line' id='line_1_31' title="bbox 142 2886 1343 3025; baseline 0.002 -80"><span class='ocrx_word' id='word_1_211' title='bbox 142 2894 178 2981; x_wconf 78' lang='lat' dir='ltr'><strong>ut</strong></span> <span class='ocrx_word' id='word_1_212' title='bbox 192 2887 295 3025; x_wconf 60' lang='lat' dir='ltr'><strong>Spnoti</strong></span> <span class='ocrx_word' id='word_1_213' title='bbox 309 2886 438 2968; x_wconf 80' lang='lat' dir='ltr'><strong>Spiritps</strong></span> <span class='ocrx_word' id='word_1_214' title='bbox 451 2887 540 2963; x_wconf 86' lang='lat' dir='ltr'><strong>digna</strong></span> <span class='ocrx_word' id='word_1_215' title='bbox 556 2886 700 2943; x_wconf 87' lang='lat' dir='ltr'><strong>efficiatur</strong></span> <span class='ocrx_word' id='word_1_216' title='bbox 713 2886 865 2942; x_wconf 85' lang='lat' dir='ltr'><strong>habitatio</strong></span> <span class='ocrx_word' id='word_1_217' title='bbox 898 2886 955 2943; x_wconf 88' lang='lat' dir='ltr'><strong>Per</strong></span> <span class='ocrx_word' id='word_1_218' title='bbox 968 2887 1139 2944; x_wconf 90' lang='lat' dir='ltr'><strong>Dominum.</strong></span> <span class='ocrx_word' id='word_1_219' title='bbox 1173 2887 1212 2944; x_wconf 91' lang='lat' dir='ltr'><strong>Iu</strong></span> <span class='ocrx_word' id='word_1_220' title='bbox 1226 2889 1343 2947; x_wconf 88' lang='lat' dir='ltr'><strong>unitate</strong></span> 
     </span>
     <span class='ocr_line' id='line_1_32' title="bbox 143 2988 281 3044; baseline 0 -18"><span class='ocrx_word' id='word_1_221' title='bbox 143 2989 207 3044; x_wconf 82' lang='lat' dir='ltr'><strong>eJus</strong></span> <span class='ocrx_word' id='word_1_222' title='bbox 228 2988 281 3026; x_wconf 86' lang='lat' dir='ltr'><strong>em</strong></span> 
     </span>
    </p>
   </div>
   <div class='ocr_carea' id='block_1_8' title="bbox 202 3048 1341 3205">
    <p class='ocr_par' dir='ltr' id='par_1_15' title="bbox 202 3048 1341 3205">
     <span class='ocr_line' id='line_1_33' title="bbox 203 3048 443 3107; baseline -0.004 -1"><span class='ocrx_word' id='word_1_223' title='bbox 203 3048 443 3107; x_wconf 78' lang='lat' dir='ltr'><strong>Postcommurcio.</strong></span> 
     </span>
     <span class='ocr_line' id='line_1_34' title="bbox 202 3126 1341 3205; baseline 0 -17"><span class='ocrx_word' id='word_1_224' title='bbox 202 3130 383 3188; x_wconf 87' lang='lat' dir='ltr'><strong>Sacrificium</strong></span> <span class='ocrx_word' id='word_1_225' title='bbox 417 3129 520 3186; x_wconf 89' lang='lat' dir='ltr'><strong>salutis</strong></span> <span class='ocrx_word' id='word_1_226' title='bbox 554 3135 661 3185; x_wconf 88' lang='lat' dir='ltr'><strong>nostrae</strong></span> <span class='ocrx_word' id='word_1_227' title='bbox 696 3126 864 3199; x_wconf 76' lang='lat' dir='ltr'><strong>sumenteS,</strong></span> <span class='ocrx_word' id='word_1_228' title='bbox 887 3128 1011 3185; x_wconf 91' lang='lat' dir='ltr'><strong>concede</strong></span> <span class='ocrx_word' id='word_1_229' title='bbox 1038 3128 1133 3201; x_wconf 90' lang='lat' dir='ltr'><strong>nobis,</strong></span> <span class='ocrx_word' id='word_1_230' title='bbox 1162 3149 1341 3205; x_wconf 86' lang='lat' dir='ltr'><strong>quaesumus,</strong></span> 
     </span>
    </p>
   </div>
   <div class='ocr_carea' id='block_1_9' title="bbox 140 3209 1342 3370">
    <p class='ocr_par' dir='ltr' id='par_1_16' title="bbox 140 3209 1342 3370">
     <span class='ocr_line' id='line_1_35' title="bbox 142 3209 1342 3289; baseline 0 -20"><span class='ocrx_word' id='word_1_231' title='bbox 142 3212 270 3269; x_wconf 89' lang='lat' dir='ltr'><strong>Domine</strong></span> <span class='ocrx_word' id='word_1_232' title='bbox 294 3211 385 3282; x_wconf 91' lang='lat' dir='ltr'><strong>Deus,</strong></span> <span class='ocrx_word' id='word_1_233' title='bbox 399 3230 452 3287; x_wconf 91' lang='lat' dir='ltr'><strong>per</strong></span> <span class='ocrx_word' id='word_1_234' title='bbox 474 3209 601 3285; x_wconf 84' lang='lat' dir='ltr'><strong>gratiam</strong></span> <span class='ocrx_word' id='word_1_235' title='bbox 625 3209 726 3266; x_wconf 82' lang='lat' dir='ltr'><strong>Sancti</strong></span> <span class='ocrx_word' id='word_1_236' title='bbox 748 3209 876 3285; x_wconf 89' lang='lat' dir='ltr'><strong>Spiritus</strong></span> <span class='ocrx_word' id='word_1_237' title='bbox 895 3209 1058 3285; x_wconf 87' lang='lat' dir='ltr'><strong>purificatis</strong></span> <span class='ocrx_word' id='word_1_238' title='bbox 1072 3211 1222 3268; x_wconf 81' lang='lat' dir='ltr'><strong>mentibus</strong></span> <span class='ocrx_word' id='word_1_239' title='bbox 1235 3214 1342 3289; x_wconf 82' lang='lat' dir='ltr'><strong>saepius</strong></span> 
     </span>
     <span class='ocr_line' id='line_1_36' title="bbox 140 3290 1055 3370; baseline -0.004 -19"><span class='ocrx_word' id='word_1_240' title='bbox 140 3300 199 3351; x_wconf 87' lang='lat' dir='ltr'><strong>tuae</strong></span> <span class='ocrx_word' id='word_1_241' title='bbox 213 3292 332 3370; x_wconf 90' lang='lat' dir='ltr'><strong>pietatis</strong></span> <span class='ocrx_word' id='word_1_242' title='bbox 345 3293 532 3367; x_wconf 88' lang='lat' dir='ltr'><strong>frequentare</strong></span> <span class='ocrx_word' id='word_1_243' title='bbox 545 3291 727 3367; x_wconf 82' lang='lat' dir='ltr'><strong>mysterium.</strong></span> <span class='ocrx_word' id='word_1_244' title='bbox 771 3290 835 3348; x_wconf 90' lang='lat' dir='ltr'><strong>Per.</strong></span> <span class='ocrx_word' id='word_1_245' title='bbox 879 3290 918 3346; x_wconf 92' lang='lat' dir='ltr'><strong>In</strong></span> <span class='ocrx_word' id='word_1_246' title='bbox 931 3291 1055 3347; x_wconf 86' lang='lat' dir='ltr'><strong>unitate.</strong></span> 
     </span>
    </p>
   </div>
   <div class='ocr_carea' id='block_1_10' title="bbox 125 3478 1367 4442">
    <p class='ocr_par' dir='ltr' id='par_1_17' title="bbox 490 3478 987 3538">
     <span class='ocr_line' id='line_1_37' title="bbox 490 3478 987 3538; baseline 0.004 -2"><span class='ocrx_word' id='word_1_247' title='bbox 490 3478 616 3537; x_wconf 78' lang='grc'>00111111</span> <span class='ocrx_word' id='word_1_248' title='bbox 636 3479 850 3537; x_wconf 77' lang='lat' dir='ltr'><strong>Taurarrouns</strong></span> <span class='ocrx_word' id='word_1_249' title='bbox 870 3496 987 3538; x_wconf 67' lang='lat' dir='ltr'><strong>(sums.</strong></span> 
     </span>
    </p>

    <p class='ocr_par' dir='ltr' id='par_1_18' title="bbox 200 3560 309 3619">
     <span class='ocr_line' id='line_1_38' title="bbox 200 3560 309 3619; baseline -0.009 0"><span class='ocrx_word' id='word_1_250' title='bbox 200 3560 309 3619; x_wconf 83' lang='lat' dir='ltr'><strong>Oratio.</strong></span> 
     </span>
    </p>

    <p class='ocr_par' dir='ltr' id='par_1_19' title="bbox 137 3638 1339 3798">
     <span class='ocr_line' id='line_1_39' title="bbox 199 3638 1339 3719; baseline 0.005 -20"><span class='ocrx_word' id='word_1_251' title='bbox 199 3643 264 3700; x_wconf 90' lang='lat' dir='ltr'><strong>Ure</strong></span> <span class='ocrx_word' id='word_1_252' title='bbox 278 3642 345 3718; x_wconf 87' lang='lat' dir='ltr'><strong>igue</strong></span> <span class='ocrx_word' id='word_1_253' title='bbox 360 3640 462 3697; x_wconf 87' lang='lat' dir='ltr'><strong>Sancti</strong></span> <span class='ocrx_word' id='word_1_254' title='bbox 483 3638 612 3716; x_wconf 89' lang='lat' dir='ltr'><strong>Spiritus</strong></span> <span class='ocrx_word' id='word_1_255' title='bbox 628 3659 712 3697; x_wconf 87' lang='lat' dir='ltr'><strong>renes</strong></span> <span class='ocrx_word' id='word_1_256' title='bbox 725 3647 841 3698; x_wconf 89' lang='lat' dir='ltr'><strong>nostros</strong></span> <span class='ocrx_word' id='word_1_257' title='bbox 855 3648 885 3697; x_wconf 91' lang='lat' dir='ltr'><strong>et</strong></span> <span class='ocrx_word' id='word_1_258' title='bbox 899 3640 986 3698; x_wconf 83' lang='lat' dir='ltr'><strong>corda</strong></span> <span class='ocrx_word' id='word_1_259' title='bbox 999 3645 1110 3714; x_wconf 88' lang='lat' dir='ltr'><strong>nostra,</strong></span> <span class='ocrx_word' id='word_1_260' title='bbox 1133 3643 1283 3719; x_wconf 89' lang='lat' dir='ltr'><strong>Domine3</strong></span> <span class='ocrx_word' id='word_1_261' title='bbox 1303 3653 1339 3705; x_wconf 90' lang='lat' dir='ltr'><strong>ut</strong></span> 
     </span>
     <span class='ocr_line' id='line_1_40' title="bbox 137 3720 1173 3798; baseline 0.001 -18"><span class='ocrx_word' id='word_1_262' title='bbox 137 3723 194 3780; x_wconf 89' lang='lat' dir='ltr'><strong>tibi</strong></span> <span class='ocrx_word' id='word_1_263' title='bbox 209 3729 288 3780; x_wconf 84' lang='lat' dir='ltr'><strong>casto</strong></span> <span class='ocrx_word' id='word_1_264' title='bbox 302 3740 422 3798; x_wconf 83' lang='lat' dir='ltr'><strong>corpore</strong></span> <span class='ocrx_word' id='word_1_265' title='bbox 436 3721 606 3792; x_wconf 74' lang='lat' dir='ltr'><strong>serviamuS,</strong></span> <span class='ocrx_word' id='word_1_266' title='bbox 622 3726 653 3777; x_wconf 89' lang='lat' dir='ltr'><strong>et</strong></span> <span class='ocrx_word' id='word_1_267' title='bbox 665 3720 776 3778; x_wconf 90' lang='lat' dir='ltr'><strong>mundo</strong></span> <span class='ocrx_word' id='word_1_268' title='bbox 790 3722 876 3778; x_wconf 89' lang='lat' dir='ltr'><strong>corde</strong></span> <span class='ocrx_word' id='word_1_269' title='bbox 889 3723 1063 3797; x_wconf 87' lang='lat' dir='ltr'><strong>placeamus.</strong></span> <span class='ocrx_word' id='word_1_270' title='bbox 1107 3723 1173 3782; x_wconf 91' lang='lat' dir='ltr'><strong>Per.</strong></span> 
     </span>
    </p>

    <p class='ocr_par' dir='ltr' id='par_1_20' title="bbox 198 3803 318 3862">
     <span class='ocr_line' id='line_1_41' title="bbox 198 3803 318 3862; baseline -0.018 0"><span class='ocrx_word' id='word_1_271' title='bbox 198 3803 318 3862; x_wconf 83' lang='lat' dir='ltr'><strong>Secreta.</strong></span> 
     </span>
    </p>

    <p class='ocr_par' dir='ltr' id='par_1_21' title="bbox 128 3881 1340 4123">
     <span class='ocr_line' id='line_1_42' title="bbox 198 3881 1340 3960; baseline 0.005 -19"><span class='ocrx_word' id='word_1_272' title='bbox 198 3884 352 3960; x_wconf 91' lang='lat' dir='ltr'><strong>Dirumpe,</strong></span> <span class='ocrx_word' id='word_1_273' title='bbox 367 3882 505 3954; x_wconf 89' lang='lat' dir='ltr'><strong>Domine,</strong></span> <span class='ocrx_word' id='word_1_274' title='bbox 519 3881 639 3938; x_wconf 88' lang='lat' dir='ltr'><strong>vincula</strong></span> <span class='ocrx_word' id='word_1_275' title='bbox 651 3887 838 3957; x_wconf 86' lang='lat' dir='ltr'><strong>peccatorum</strong></span> <span class='ocrx_word' id='word_1_276' title='bbox 851 3889 1039 3957; x_wconf 87' lang='lat' dir='ltr'><strong>nostrorum3</strong></span> <span class='ocrx_word' id='word_1_277' title='bbox 1053 3890 1089 3941; x_wconf 92' lang='lat' dir='ltr'><strong>ut</strong></span> <span class='ocrx_word' id='word_1_278' title='bbox 1102 3886 1267 3946; x_wconf 83' lang='lat' dir='ltr'><strong>sacrificare</strong></span> <span class='ocrx_word' id='word_1_279' title='bbox 1281 3889 1340 3947; x_wconf 90' lang='lat' dir='ltr'><strong>tibi</strong></span> 
     </span>
     <span class='ocr_line' id='line_1_43' title="bbox 136 3963 1336 4054; baseline 0.004 -31"><span class='ocrx_word' id='word_1_280' title='bbox 136 3965 264 4023; x_wconf 88' lang='lat' dir='ltr'><strong>hostiam</strong></span> <span class='ocrx_word' id='word_1_281' title='bbox 274 3964 370 4021; x_wconf 88' lang='lat' dir='ltr'><strong>laudis</strong></span> <span class='ocrx_word' id='word_1_282' title='bbox 380 3963 496 4020; x_wconf 85' lang='lat' dir='ltr'><strong>absolut</strong></span> <span class='ocrx_word' id='word_1_283' title='bbox 497 3963 662 4020; x_wconf 87' lang='lat' dir='ltr'><strong>alibertate</strong></span> <span class='ocrx_word' id='word_1_284' title='bbox 674 3963 830 4054; x_wconf 77' lang='lat' dir='ltr'><strong>possimus,</strong></span> <span class='ocrx_word' id='word_1_285' title='bbox 844 3969 874 4020; x_wconf 89' lang='lat' dir='ltr'><strong>et</strong></span> <span class='ocrx_word' id='word_1_286' title='bbox 885 3964 966 4022; x_wconf 88' lang='lat' dir='ltr'><strong>salva</strong></span> <span class='ocrx_word' id='word_1_287' title='bbox 979 3985 1033 4022; x_wconf 88' lang='lat' dir='ltr'><strong>nos</strong></span> <span class='ocrx_word' id='word_1_288' title='bbox 1042 3986 1096 4042; x_wconf 91' lang='lat' dir='ltr'><strong>per</strong></span> <span class='ocrx_word' id='word_1_289' title='bbox 1106 3966 1336 4044; x_wconf 82' lang='lat' dir='ltr'><strong>indulgentiam,</strong></span> 
     </span>
     <span class='ocr_line' id='line_1_44' title="bbox 128 4043 1033 4123; baseline -0.002 -19"><span class='ocrx_word' id='word_1_290' title='bbox 128 4060 209 4123; x_wconf 85' lang='lat' dir='ltr'><strong>&#39;quos</strong></span> <span class='ocrx_word' id='word_1_291' title='bbox 223 4045 362 4121; x_wconf 87' lang='lat' dir='ltr'><strong>dignatus</strong></span> <span class='ocrx_word' id='word_1_292' title='bbox 377 4064 406 4101; x_wconf 92' lang='lat' dir='ltr'><strong>es</strong></span> <span class='ocrx_word' id='word_1_293' title='bbox 419 4044 533 4100; x_wconf 90' lang='lat' dir='ltr'><strong>salvare</strong></span> <span class='ocrx_word' id='word_1_294' title='bbox 546 4062 599 4119; x_wconf 88' lang='lat' dir='ltr'><strong>per</strong></span> <span class='ocrx_word' id='word_1_295' title='bbox 612 4043 747 4120; x_wconf 88' lang='lat' dir='ltr'><strong>gratiam.</strong></span> <span class='ocrx_word' id='word_1_296' title='bbox 790 4043 849 4100; x_wconf 89' lang='lat' dir='ltr'><strong>Per</strong></span> <span class='ocrx_word' id='word_1_297' title='bbox 863 4045 1033 4103; x_wconf 89' lang='lat' dir='ltr'><strong>Dominum.</strong></span> 
     </span>
    </p>

    <p class='ocr_par' dir='ltr' id='par_1_22' title="bbox 196 4125 436 4184">
     <span class='ocr_line' id='line_1_45' title="bbox 196 4125 436 4184; baseline -0.009 0"><span class='ocrx_word' id='word_1_298' title='bbox 196 4127 266 4184; x_wconf 84' lang='lat' dir='ltr'><strong>Post</strong></span> <span class='ocrx_word' id='word_1_299' title='bbox 255 4125 436 4184; x_wconf 77' lang='lat' dir='ltr'><strong>tcommuuio.</strong></span> 
     </span>
    </p>

    <p class='ocr_par' dir='ltr' id='par_1_23' title="bbox 125 4205 1367 4442">
     <span class='ocr_line' id='line_1_46' title="bbox 196 4205 1367 4282; baseline 0.006 -18"><span class='ocrx_word' id='word_1_300' title='bbox 196 4208 286 4278; x_wconf 91' lang='lat' dir='ltr'><strong>Deus,</strong></span> <span class='ocrx_word' id='word_1_301' title='bbox 305 4207 424 4282; x_wconf 88' lang='lat' dir='ltr'><strong>adjutor</strong></span> <span class='ocrx_word' id='word_1_302' title='bbox 443 4211 543 4263; x_wconf 90' lang='lat' dir='ltr'><strong>noster</strong></span> <span class='ocrx_word' id='word_1_303' title='bbox 564 4214 595 4262; x_wconf 91' lang='lat' dir='ltr'><strong>et</strong></span> <span class='ocrx_word' id='word_1_304' title='bbox 612 4210 768 4281; x_wconf 88' lang='lat' dir='ltr'><strong>protector,</strong></span> <span class='ocrx_word' id='word_1_305' title='bbox 788 4205 898 4281; x_wconf 84' lang='lat' dir='ltr'><strong>adjuva</strong></span> <span class='ocrx_word' id='word_1_306' title='bbox 917 4226 971 4264; x_wconf 91' lang='lat' dir='ltr'><strong>nos</strong></span> <span class='ocrx_word' id='word_1_307' title='bbox 994 4226 1047 4282; x_wconf 89' lang='lat' dir='ltr'><strong>per</strong></span> <span class='ocrx_word' id='word_1_308' title='bbox 1064 4208 1210 4266; x_wconf 85' lang='lat' dir='ltr'><strong>virtutem</strong></span> <span class='ocrx_word' id='word_1_309' title='bbox 1233 4210 1337 4270; x_wconf 91' lang='lat' dir='ltr'><strong>Sancti</strong></span> <span class='ocrx_word' id='word_1_310' title='bbox 1362 4266 1367 4273; x_wconf 89' lang='lat'>.</span> 
     </span>
     <span class='ocr_line' id='line_1_47' title="bbox 125 4286 1337 4367; baseline 0.004 -21"><span class='ocrx_word' id='word_1_311' title='bbox 125 4289 263 4366; x_wconf 40' lang='lat' dir='ltr'><strong>*Spiritus</strong></span> <span class='ocrx_word' id='word_1_312' title='bbox 281 4296 334 4345; x_wconf 88' lang='lat' dir='ltr'><strong>tua</strong></span> <span class='ocrx_word' id='word_1_313' title='bbox 351 4298 454 4344; x_wconf 87' lang='lat' dir='ltr'><strong>sancta</strong></span> <span class='ocrx_word' id='word_1_314' title='bbox 470 4292 639 4356; x_wconf 88' lang='lat' dir='ltr'><strong>sumentes3</strong></span> <span class='ocrx_word' id='word_1_315' title='bbox 659 4292 695 4343; x_wconf 92' lang='lat' dir='ltr'><strong>ut</strong></span> <span class='ocrx_word' id='word_1_316' title='bbox 712 4286 848 4344; x_wconf 87' lang='lat' dir='ltr'><strong>refloreat</strong></span> <span class='ocrx_word' id='word_1_317' title='bbox 868 4307 934 4344; x_wconf 92' lang='lat' dir='ltr'><strong>caro</strong></span> <span class='ocrx_word' id='word_1_318' title='bbox 952 4295 1053 4346; x_wconf 87' lang='lat' dir='ltr'><strong>nostra</strong></span> <span class='ocrx_word' id='word_1_319' title='bbox 1067 4289 1169 4366; x_wconf 90' lang='lat' dir='ltr'><strong>vigore</strong></span> <span class='ocrx_word' id='word_1_320' title='bbox 1183 4292 1337 4367; x_wconf 86' lang='lat' dir='ltr'><strong>pudicitiae</strong></span> 
     </span>
     <span class='ocr_line' id='line_1_48' title="bbox 133 4367 1337 4442; baseline 0.002 -14"><span class='ocrx_word' id='word_1_321' title='bbox 133 4380 164 4428; x_wconf 91' lang='lat' dir='ltr'><strong>et</strong></span> <span class='ocrx_word' id='word_1_322' title='bbox 178 4368 380 4427; x_wconf 84' lang='lat' dir='ltr'><strong>sanctimoniae</strong></span> <span class='ocrx_word' id='word_1_323' title='bbox 393 4368 547 4438; x_wconf 85' lang='lat' dir='ltr'><strong>novitate3</strong></span> <span class='ocrx_word' id='word_1_324' title='bbox 569 4373 760 4442; x_wconf 88' lang='lat' dir='ltr'><strong>ereptamque</strong></span> <span class='ocrx_word' id='word_1_325' title='bbox 773 4367 810 4424; x_wconf 93' lang='lat' dir='ltr'><strong>de</strong></span> <span class='ocrx_word' id='word_1_326' title='bbox 827 4387 918 4426; x_wconf 88' lang='lat' dir='ltr'><strong>manu</strong></span> <span class='ocrx_word' id='word_1_327' title='bbox 935 4369 1042 4426; x_wconf 85' lang='lat' dir='ltr'><strong>tartari</strong></span> <span class='ocrx_word' id='word_1_328' title='bbox 1060 4370 1093 4428; x_wconf 90' lang='lat' dir='ltr'><strong>iu</strong></span> <span class='ocrx_word' id='word_1_329' title='bbox 1111 4374 1337 4432; x_wconf 88' lang='lat' dir='ltr'><strong>resurrectionis</strong></span> 
     </span>
    </p>
   </div>
   <div class='ocr_carea' id='block_1_11' title="bbox 132 4447 1057 4528">
    <p class='ocr_par' dir='ltr' id='par_1_24' title="bbox 132 4447 1057 4528">
     <span class='ocr_line' id='line_1_49' title="bbox 132 4447 1057 4528; baseline -0.001 -20"><span class='ocrx_word' id='word_1_330' title='bbox 132 4451 241 4528; x_wconf 87' lang='lat' dir='ltr'><strong>gaudio</strong></span> <span class='ocrx_word' id='word_1_331' title='bbox 251 4450 357 4525; x_wconf 88' lang='lat' dir='ltr'><strong>jubeas</strong></span> <span class='ocrx_word' id='word_1_332' title='bbox 370 4450 550 4526; x_wconf 76' lang='lat' dir='ltr'><strong>praesentari.</strong></span> <span class='ocrx_word' id='word_1_333' title='bbox 592 4447 653 4506; x_wconf 84' lang='lat' dir='ltr'><strong>-Per</strong></span> <span class='ocrx_word' id='word_1_334' title='bbox 666 4447 836 4507; x_wconf 91' lang='lat' dir='ltr'><strong>Dominum.</strong></span> <span class='ocrx_word' id='word_1_335' title='bbox 879 4449 918 4506; x_wconf 93' lang='lat' dir='ltr'><strong>In</strong></span> <span class='ocrx_word' id='word_1_336' title='bbox 932 4448 1057 4509; x_wconf 89' lang='lat' dir='ltr'><strong>unitate.</strong></span> 
     </span>
    </p>
   </div>
   <div class='ocr_carea' id='block_1_12' title="bbox 0 0 1478 5002">
    <p class='ocr_par' dir='ltr' id='par_1_25' title="bbox 0 0 1478 5002">
     <span class='ocr_line' id='line_1_50' title="bbox 0 0 1478 5002; baseline 0 6"><span class='ocrx_word' id='word_1_337' title='bbox 0 0 1478 5002; x_wconf 95' lang='lat' dir='ltr'><strong> </strong></span> 
     </span>
    </p>
   </div>
  </div>
 </body>
</html>
