2946 5002
201 359 265 423 338
413 354 535 422 Missal
551 354 660 441 Officia
675 355 770 442 from
784 355 833 421 tlte
848 355 1190 442 BosporPoatifioal.

265 522 413 583 Versicali.

258 603 379 663 Exaudi
392 623 448 676 me,
463 602 600 676 Domine,
615 603 755 679 quoniam
769 603 897 682 benigna
911 610 956 662 est
969 603 1169 663 misericordia
1182 610 1242 662 tua

258 684 435 744 Secundam.

258 766 308 824 Ne
321 765 489 822 memineris
502 764 695 841 iniquitatum
709 771 878 822 nostrarum
891 765 1090 842 antiquarum.

259 847 328 905 Cito
341 847 505 923 anticipent
517 865 572 903 nos
585 846 790 904 misericordia
804 853 872 904 tuae.

261 927 365 986 Salvos
378 928 425 984 fac
438 945 537 984 servos
550 932 624 984 tuos.
674 979 677 985 .

259 1008 447 1079 Convertere,
463 1007 601 1078 Domine,
616 1027 788 1084 usquequo.

258 1088 351 1147 Mitte
365 1089 416 1160 eis,
431 1088 568 1160 Domine,
582 1088 728 1146 auxilium
742 1088 778 1146 de
791 1094 899 1148 sancto.

260 1169 408 1227 Dominus
420 1169 579 1227 vobiscum.

148 1288 152 1295 ‚
258 1249 368 1309 Oratio.
410 1250 534 1320 Adesto,
550 1249 687 1319 Domine,
704 1258 729 1307 ct
742 1257 832 1307 cetera
846 1249 897 1326 (at
911 1270 1010 1325 snpra,
1025 1250 1082 1306 vol.
1099 1250 1117 1306 i.
1133 1271 1159 1326 p.
1178 1251 1215 1308 95
1218 1253 1243 1326 ).

212 1348 220 1353 ·
256 1330 329 1388 Atia
343 1330 453 1389 Oratio.
505 1331 587 1388 Deus
600 1329 724 1387 humani
737 1331 859 1407 generis,
875 1340 901 1389 ct
915 1339 1006 1389 cetera
1019 1331 1071 1408 (at
1084 1351 1185 1406 sopra,
1200 1332 1333 1411 ibidem).

258 1411 331 1469 Alia
346 1410 456 1469 Oratio.

257 1491 454 1568 Omnipotens
467 1491 643 1568 sempiterne
657 1490 749 1564 Deus,
763 1492 972 1549 confitentibus
992 1491 1050 1549 tibi
1069 1492 1188 1550 famulis
1201 1493 1261 1551 tuis
1274 1512 1329 1570 pro
1343 1499 1398 1552 tua

194 1573 307 1649 pietate
326 1581 445 1650 peccata
468 1573 588 1645 relaxa3
611 1578 728 1630 utnon
750 1572 816 1648 plus
843 1573 885 1629 eis
908 1580 1013 1631 noceat
1034 1574 1218 1632 conscientiae
1237 1580 1337 1632 reatus
1358 1574 1396 1633 ad

194 1673 311 1731 paenam
324 1673 414 1730 quam
426 1653 615 1732 indulgentia
626 1659 687 1710 tuae
700 1653 819 1730 pietatis
833 1654 927 1730 prosit
936 1654 974 1711 ad
987 1655 1113 1713 veniam.
1157 1655 1216 1713 Per
1230 1655 1394 1714 Christum.

257 1734 329 1792 Atria
344 1735 455 1794 Oratio

256 1816 393 1887 Domine,
418 1821 518 1874 sancte
538 1815 638 1885 Pater,
663 1815 852 1891 omnipotens¹
870 1823 978 1873 aeterne
1002 1816 1092 1888 Deus,
1115 1817 1225 1892 respice
1247 1817 1396 1893 propitius

194 1897 348 1973 superbos
362 1897 487 1954 famulos
506 1902 582 1969 tuos,
597 1896 650 1972 qui
661 1897 699 1953 ab
712 1895 820 1953 infesta
840 1896 928 1971 hujus
949 1896 1048 1954 saeculi
1068 1903 1244 1974 tempestate
1264 1897 1394 1971 dimersi,

193 1977 288 2035 flebili
306 1977 518 2036 lamentatione
542 1996 609 2035 suos
630 1983 768 2034 accusant
789 1996 934 2049 excessus,
950 1988 985 2034 ut
999 1978 1085 2035 fletus
1098 1998 1131 2035 ac
1144 1978 1271 2055 gemitus
1291 1997 1395 2035 eorum

193 2058 243 2134 pie
262 2059 412 2135 suscipias,
436 2077 542 2134 eosque
562 2058 599 2115 de
617 2058 749 2115 tenebris
772 2057 810 2115 ad
832 2058 934 2115 lumen
963 2077 1089 2130 revoces,
1114 2065 1145 2116 et
1165 2059 1307 2116 medelam
1329 2078 1396 2116 con·

193 2140 356 2210 titentibus,
372 2140 498 2197 salutem
511 2138 730 2215 paenitentibus,
744 2138 908 2196 vulneratis
921 2139 1067 2196 auxilinm
1081 2140 1217 2197 sanitatis
1230 2139 1396 2216 indulgeas,

194 2239 232 2278 ne
245 2219 326 2278 ultra
338 2220 445 2278 habeat
464 2219 602 2277 inimicus
615 2219 649 2276 in
661 2238 762 2276 eorum
776 2219 929 2277 animabus
941 2225 1136 2296 potestatem3
1155 2239 1315 2295 eorumque
1328 2239 1396 2279 con-

193 2301 349 2359 fessionem
372 2301 500 2359 libenter
525 2300 695 2371 admittens,
715 2299 841 2357 ecclesiae
862 2307 922 2357 tuae
942 2301 1111 2377 purificatos
1132 2301 1264 2373 restitue,
1286 2320 1320 2358 ac
1340 2307 1396 2359 tuo

192 2382 283 2440 altari
310 2389 504 2458 repraesenta:
534 2387 570 2438 ut
595 2381 633 2439 ad
659 2387 875 2438 sacramentum
901 2381 1148 2440 reconciliationis
1175 2381 1303 2453 admissi,
1333 2401 1396 2440 una

193 2463 347 2521 nobiscum
361 2469 462 2521 sancto
475 2461 591 2520 nomini
603 2468 656 2519 tuo
669 2461 780 2540 gratias
793 2482 879 2539 agere
893 2469 1069 2520 mereantur.
1114 2463 1180 2520 Per.

254 2543 327 2601 Ala
342 2544 452 2604 Oratio.

254 2625 336 2683 Deus
349 2625 521 2697 misericors,
537 2624 619 2682 Deus
632 2623 768 2696 clemens,
783 2633 808 2680 et
822 2633 912 2681 cetera
926 2623 1090 2700 (utsupra,
1105 2624 1162 2681 vol.
1178 2623 1197 2680 i.
1213 2644 1241 2700 p.
1258 2623 1324 2701 95).

254 2706 327 2763 Alta
341 2705 451 2764 Oratio.

255 2786 381 2858 Exaudi,
394 2805 570 2862 quaesumus,
581 2785 767 2861 omnipotens
778 2785 868 2855 Deus,
879 2803 978 2859 preces
988 2791 1102 2841 nostras
1111 2805 1182 2860 quas
1192 2785 1225 2841 in
1235 2790 1395 2860 conspectu

192 2865 313 2943 pietatis
335 2872 394 2924 tuae
414 2866 563 2924 effundere
582 2866 795 2941 praesumimus,
817 2865 988 2940 suppliciter
1007 2866 1203 2941 deprecantes,
1219 2873 1254 2922 ut
1267 2865 1396 2924 famulos

192 2953 260 3004 tuos
274 2948 310 3004 de
323 2953 377 3005 tua
389 2946 588 3004 misericordia
601 2945 779 3002 confidentes
792 2943 1001 3024 beneffldicas,
1012 2953 1042 3002 et
1052 2948 1152 3002 omnia
1162 2953 1280 3022 peccata
1290 2965 1395 3004 eorum

191 3027 335 3100 dimittas,
348 3034 459 3103 tuaque
472 3046 521 3084 eos
534 3025 715 3103 protectione
735 3046 895 3098 conserves,
911 3033 945 3082 ut
960 3027 1071 3101 possint
1094 3033 1125 3084 te
1139 3028 1222 3103 digni
1235 3026 1300 3084 fieri
1313 3026 1395 3085 etad

189 3115 333 3166 aeternam
346 3108 570 3178 beatitudinem,
585 3112 616 3164 te
629 3107 803 3177 auxiliante,
818 3108 978 3182 pervenire.
1022 3107 1088 3166 Per.

253 3189 413 3248 absolutio.

251 3271 479 3328 Absolutionem
493 3274 524 3326 et
536 3267 737 3327 remissionem
751 3269 884 3325 omnium
896 3273 1082 3344 peccatorum
1096 3276 1262 3325 vestrorum
1276 3269 1394 3328 tribuat

192 3352 276 3408 vobis
290 3352 475 3428 omnipotens
488 3356 519 3407 et
531 3350 694 3407 misericors
709 3349 862 3406 Dominus.
906 3351 1013 3406 Amen.

251 3432 322 3490 Post
340 3432 391 3490 hoc
411 3439 534 3506 carpant
542 3429 720 3506 poenitentes,
735 3440 761 3486 ct
774 3439 950 3488 clamantur
963 3431 998 3487 ab
1013 3429 1140 3505 episcopo
1157 3439 1188 3486 ut
1202 3431 1280 3504 qaod
1296 3432 1394 3505 paem'-
1413 3507 1415 3511 ,

188 3512 274 3572 tendo
288 3513 447 3586 diluerunt,
462 3512 595 3570 iterando
608 3531 669 3569 aare
681 3520 816 3569 revocent.

774 3686 814 3742 X.

562 3799 664 3857 M1ssa
684 3815 726 3856 nn
747 3815 862 3858 sanare
885 3799 1018 3858 Sammo.

376 3930 415 3987 Ut
429 3949 528 4005 supra,
543 3928 600 3986 vol
617 3928 647 3986 ii.
664 3948 691 4006 p.
710 3929 777 3999 176,
792 3928 844 3986 Ad
856 3930 1064 4005 postulandam
1077 3932 1210 4008 gratiam.

662 4086 728 4144 Pao
750 4102 922 4144 snnnrrrso.

251 4167 362 4226 Oratio.

248 4249 443 4326 Omnipotens
457 4247 633 4324 sempiterne
646 4246 738 4320 Deus,
754 4248 805 4324 qui
820 4268 866 4306 me
880 4254 1062 4326 peccatorem
1082 4250 1170 4310 sacris
1184 4250 1327 4308 altaribus
1341 4251 1393 4310 ad-

185 4337 265 4388 stare
279 4330 409 4402 voluisti,
424 4334 456 4386 et
469 4329 563 4387 sancti
583 4328 711 4386 nominis
724 4331 771 4386 tui
784 4329 905 4388 laudare
925 4331 1107 4406 potentiam,
1129 4332 1262 4406 concede,
1277 4351 1388 4407 quaeso,

185 4431 238 4486 per
251 4411 340 4487 hujus
360 4410 534 4468 sacramenti
558 4411 732 4485 mysterium
753 4429 884 4467 meorum
908 4412 982 4468 mihi
1001 4413 1119 4470 veniam
1139 4419 1336 4490 peccatorum,
1353 4421 1390 4473 ut

184 4498 245 4550 tuae
258 4491 407 4568 majestati
420 4491 508 4570 digne
522 4491 690 4550 ministrare
703 4510 824 4549 merear.
867 4491 927 4550 Per
939 4491 1110 4551 Dominum.
