<?xml version="1.0" encoding="UTF-8"?>
<!DOCTYPE html PUBLIC "-//W3C//DTD XHTML 1.0 Transitional//EN"
    "http://www.w3.org/TR/xhtml1/DTD/xhtml1-transitional.dtd">
<html xmlns="http://www.w3.org/1999/xhtml" xml:lang="en" lang="en">
 <head>
  <title>
</title>
<meta http-equiv="Content-Type" content="text/html;charset=utf-8" />
  <meta name='ocr-system' content='tesseract 3.04.00' />
  <meta name='ocr-capabilities' content='ocr_page ocr_carea ocr_par ocr_line ocrx_word'/>
</head>
<body>
  <div class='ocr_page' id='page_1' title='image "./missaleadusumin02churgoog_0328.png"; bbox 0 0 2946 5002; ppageno 0'>
   <div class='ocr_carea' id='block_1_1' title="bbox 660 318 1321 385">
    <p class='ocr_par' dir='ltr' id='par_1_1' title="bbox 660 318 1321 385">
     <span class='ocr_line' id='line_1_1' title="bbox 660 318 1321 385; baseline 0.002 -2"><span class='ocrx_word' id='word_1_1' title='bbox 660 318 782 384; x_wconf 81' lang='lat' dir='ltr'>Proser.</span> <span class='ocrx_word' id='word_1_2' title='bbox 1259 321 1321 385; x_wconf 82' lang='lat'>299</span> 
     </span>
    </p>
   </div>
   <div class='ocr_carea' id='block_1_2' title="bbox 125 484 1323 806">
    <p class='ocr_par' dir='ltr' id='par_1_2' title="bbox 125 484 1323 806">
     <span class='ocr_line' id='line_1_2' title="bbox 126 484 1207 564; baseline 0 -20"><span class='ocrx_word' id='word_1_3' title='bbox 126 484 187 555; x_wconf 78' lang='lat' dir='ltr'>Qui</span> <span class='ocrx_word' id='word_1_4' title='bbox 198 486 313 545; x_wconf 86' lang='lat' dir='ltr'>assidue</span> <span class='ocrx_word' id='word_1_5' title='bbox 326 486 468 545; x_wconf 88' lang='lat' dir='ltr'>melliflua</span> <span class='ocrx_word' id='word_1_6' title='bbox 481 486 554 544; x_wconf 88' lang='lat' dir='ltr'>dant</span> <span class='ocrx_word' id='word_1_7' title='bbox 567 484 681 544; x_wconf 87' lang='lat' dir='ltr'>cantica</span> <span class='ocrx_word' id='word_1_8' title='bbox 694 485 757 561; x_wconf 87' lang='lat' dir='ltr'>ejus</span> <span class='ocrx_word' id='word_1_9' title='bbox 770 484 1000 562; x_wconf 87' lang='lat' dir='ltr'>praedulcissima</span> <span class='ocrx_word' id='word_1_10' title='bbox 1012 486 1093 563; x_wconf 90' lang='lat' dir='ltr'>pleni</span> <span class='ocrx_word' id='word_1_11' title='bbox 1106 487 1207 564; x_wconf 83' lang='lat' dir='ltr'>gloria</span> 
     </span>
     <span class='ocr_line' id='line_1_3' title="bbox 126 565 1323 645; baseline 0 -22"><span class='ocrx_word' id='word_1_12' title='bbox 126 565 260 636; x_wconf 81' lang='lat' dir='ltr'>Quorum</span> <span class='ocrx_word' id='word_1_13' title='bbox 282 567 463 626; x_wconf 79' lang='lat' dir='ltr'>celebrantes</span> <span class='ocrx_word' id='word_1_14' title='bbox 484 566 636 625; x_wconf 77' lang='lat' dir='ltr'><strong>sollemnia</strong></span> <span class='ocrx_word' id='word_1_15' title='bbox 657 567 803 624; x_wconf 89' lang='lat' dir='ltr'>consortio</span> <span class='ocrx_word' id='word_1_16' title='bbox 813 567 902 645; x_wconf 82' lang='lat' dir='ltr'>jungi</span> <span class='ocrx_word' id='word_1_17' title='bbox 923 587 982 644; x_wconf 91' lang='lat' dir='ltr'>quo</span> <span class='ocrx_word' id='word_1_18' title='bbox 1003 587 1168 626; x_wconf 87' lang='lat' dir='ltr'>mereamur</span> <span class='ocrx_word' id='word_1_19' title='bbox 1188 566 1323 625; x_wconf 76' lang='lat' dir='ltr'>Christus</span> 
     </span>
     <span class='ocr_line' id='line_1_4' title="bbox 125 654 470 806; baseline 0.003 -21"><span class='ocrx_word' id='word_1_20' title='bbox 125 727 184 798; x_wconf 84' lang='lat' dir='ltr'>Qui</span> <span class='ocrx_word' id='word_1_21' title='bbox 197 654 358 789; x_wconf 54' lang='lat' dir='ltr'>ridellilsltdst</span> <span class='ocrx_word' id='word_1_22' title='bbox 370 729 470 806; x_wconf 86' lang='lat' dir='ltr'>gloria</span> 
     </span>
    </p>
   </div>
   <div class='ocr_carea' id='block_1_3' title="bbox 565 846 879 1047">
    <p class='ocr_par' dir='ltr' id='par_1_3' title="bbox 565 846 879 1047">
     <span class='ocr_line' id='line_1_5' title="bbox 691 846 759 905; baseline 0.015 -1"><span class='ocrx_word' id='word_1_23' title='bbox 691 846 759 905; x_wconf 87' lang='lat' dir='ltr'>XL.</span> 
     </span>
     <span class='ocr_line' id='line_1_6' title="bbox 565 966 879 1047; baseline 0.003 -21"><span class='ocrx_word' id='word_1_24' title='bbox 565 966 628 1046; x_wconf 81' lang='lat' dir='ltr'>(Du</span> <span class='ocrx_word' id='word_1_25' title='bbox 648 967 879 1047; x_wconf 74' lang='lat' dir='ltr'>Manrrrueos.)</span> 
     </span>
    </p>
   </div>
   <div class='ocr_carea' id='block_1_4' title="bbox 182 1087 775 1166">
    <p class='ocr_par' dir='ltr' id='par_1_4' title="bbox 182 1087 775 1166">
     <span class='ocr_line' id='line_1_7' title="bbox 182 1087 775 1166; baseline 0.003 -20"><span class='ocrx_word' id='word_1_26' title='bbox 182 1087 278 1147; x_wconf 76' lang='lat' dir='ltr'>Proca</span> <span class='ocrx_word' id='word_1_27' title='bbox 290 1089 333 1147; x_wconf 81' lang='lat' dir='ltr'>cd</span> <span class='ocrx_word' id='word_1_28' title='bbox 344 1089 500 1164; x_wconf 73' lang='lat' dir='ltr'>Sequentia</span> <span class='ocrx_word' id='word_1_29' title='bbox 512 1089 535 1147; x_wconf 85' lang='lat' dir='ltr'><strong>J</strong></span> <span class='ocrx_word' id='word_1_30' title='bbox 536 1090 598 1147; x_wconf 89' lang='lat' dir='ltr'>usti</span> <span class='ocrx_word' id='word_1_31' title='bbox 610 1092 775 1166; x_wconf 89' lang='lat' dir='ltr'>epulentur.</span> 
     </span>
    </p>
   </div>
   <div class='ocr_carea' id='block_1_5' title="bbox 183 1193 332 1270">
    <p class='ocr_par' dir='ltr' id='par_1_5' title="bbox 183 1193 332 1270">
     <span class='ocr_line' id='line_1_8' title="bbox 183 1193 332 1270; baseline 0.007 -20"><span class='ocrx_word' id='word_1_32' title='bbox 183 1193 332 1270; x_wconf 85' lang='lat' dir='ltr'>Alleluya</span> 
     </span>
    </p>
   </div>
   <div class='ocr_carea' id='block_1_6' title="bbox 122 1287 1384 3469">
    <p class='ocr_par' dir='ltr' id='par_1_6' title="bbox 123 1287 1258 1366">
     <span class='ocr_line' id='line_1_9' title="bbox 123 1287 1258 1366; baseline 0 -20"><span class='ocrx_word' id='word_1_33' title='bbox 123 1287 257 1346; x_wconf 75' lang='lat' dir='ltr'>Aauurs</span> <span class='ocrx_word' id='word_1_34' title='bbox 278 1304 409 1346; x_wconf 79' lang='lat' dir='ltr'>Pnnoruo</span> <span class='ocrx_word' id='word_1_35' title='bbox 430 1304 566 1346; x_wconf 76' lang='lat' dir='ltr'>srnunna</span> <span class='ocrx_word' id='word_1_36' title='bbox 579 1295 772 1366; x_wconf 77' lang='lat' dir='ltr'>concrepante</span> <span class='ocrx_word' id='word_1_37' title='bbox 785 1289 913 1365; x_wconf 90' lang='lat' dir='ltr'>promite</span> <span class='ocrx_word' id='word_1_38' title='bbox 925 1294 1091 1366; x_wconf 83' lang='lat' dir='ltr'>martyrum</span> <span class='ocrx_word' id='word_1_39' title='bbox 1105 1288 1258 1365; x_wconf 86' lang='lat' dir='ltr'>praeconia.</span> 
     </span>
    </p>

    <p class='ocr_par' dir='ltr' id='par_1_7' title="bbox 123 1367 902 1446">
     <span class='ocr_line' id='line_1_10' title="bbox 123 1367 902 1446; baseline 0.004 -21"><span class='ocrx_word' id='word_1_40' title='bbox 123 1367 249 1446; x_wconf 81' lang='lat' dir='ltr'>Oompta</span> <span class='ocrx_word' id='word_1_41' title='bbox 261 1375 405 1427; x_wconf 73' lang='lat' dir='ltr'>vernante</span> <span class='ocrx_word' id='word_1_42' title='bbox 419 1370 546 1428; x_wconf 87' lang='lat' dir='ltr'>melodia</span> <span class='ocrx_word' id='word_1_43' title='bbox 559 1370 657 1428; x_wconf 90' lang='lat' dir='ltr'>canite</span> <span class='ocrx_word' id='word_1_44' title='bbox 670 1369 751 1428; x_wconf 88' lang='lat' dir='ltr'>lenta</span> <span class='ocrx_word' id='word_1_45' title='bbox 764 1369 902 1442; x_wconf 83' lang='lat' dir='ltr'>tremula,</span> 
     </span>
    </p>

    <p class='ocr_par' dir='ltr' id='par_1_8' title="bbox 124 1448 755 1527">
     <span class='ocr_line' id='line_1_11' title="bbox 124 1448 755 1527; baseline 0.003 -21"><span class='ocrx_word' id='word_1_46' title='bbox 124 1448 236 1507; x_wconf 87' lang='lat' dir='ltr'>Divina</span> <span class='ocrx_word' id='word_1_47' title='bbox 248 1449 347 1507; x_wconf 87' lang='lat' dir='ltr'>floridi</span> <span class='ocrx_word' id='word_1_48' title='bbox 358 1451 462 1527; x_wconf 83' lang='lat' dir='ltr'>gratia,</span> <span class='ocrx_word' id='word_1_49' title='bbox 476 1450 585 1508; x_wconf 85' lang='lat' dir='ltr'>hilares</span> <span class='ocrx_word' id='word_1_50' title='bbox 599 1456 630 1508; x_wconf 92' lang='lat' dir='ltr'>et</span> <span class='ocrx_word' id='word_1_51' title='bbox 642 1451 755 1509; x_wconf 82' lang='lat' dir='ltr'>laetitia.</span> 
     </span>
    </p>

    <p class='ocr_par' dir='ltr' id='par_1_9' title="bbox 124 1530 1324 1609">
     <span class='ocr_line' id='line_1_12' title="bbox 124 1530 1324 1609; baseline 0 -21"><span class='ocrx_word' id='word_1_52' title='bbox 124 1530 150 1588; x_wconf 93' lang='grc' dir='ltr'>Ο</span> <span class='ocrx_word' id='word_1_53' title='bbox 172 1549 262 1608; x_wconf 84' lang='lat' dir='ltr'>quam</span> <span class='ocrx_word' id='word_1_54' title='bbox 288 1530 427 1603; x_wconf 87' lang='lat' dir='ltr'>salubria,</span> <span class='ocrx_word' id='word_1_55' title='bbox 451 1533 477 1590; x_wconf 90' lang='lat' dir='ltr'>O</span> <span class='ocrx_word' id='word_1_56' title='bbox 500 1538 562 1605; x_wconf 90' lang='lat' dir='ltr'>tna,</span> <span class='ocrx_word' id='word_1_57' title='bbox 583 1531 720 1605; x_wconf 86' lang='lat' dir='ltr'>Domine,</span> <span class='ocrx_word' id='word_1_58' title='bbox 741 1531 902 1607; x_wconf 87' lang='lat' dir='ltr'>splendida,</span> <span class='ocrx_word' id='word_1_59' title='bbox 927 1531 954 1591; x_wconf 93' lang='lat'>0</span> <span class='ocrx_word' id='word_1_60' title='bbox 975 1551 1066 1609; x_wconf 87' lang='lat' dir='ltr'>quarn</span> <span class='ocrx_word' id='word_1_61' title='bbox 1088 1530 1186 1589; x_wconf 89' lang='lat' dir='ltr'>lucida</span> <span class='ocrx_word' id='word_1_62' title='bbox 1210 1550 1324 1607; x_wconf 87' lang='lat' dir='ltr'>semper</span> 
     </span>
    </p>

    <p class='ocr_par' dir='ltr' id='par_1_10' title="bbox 123 1631 1320 1771">
     <span class='ocr_line' id='line_1_13' title="bbox 123 1631 1320 1771; baseline 0 -21"><span class='ocrx_word' id='word_1_63' title='bbox 123 1631 379 1751; x_wconf 48' lang='lat' dir='ltr'>Iauslblililibrtadria</span> <span class='ocrx_word' id='word_1_64' title='bbox 387 1701 553 1770; x_wconf 85' lang='lat' dir='ltr'>martyrum</span> <span class='ocrx_word' id='word_1_65' title='bbox 566 1692 678 1769; x_wconf 83' lang='lat' dir='ltr'>inclyta</span> <span class='ocrx_word' id='word_1_66' title='bbox 687 1693 778 1767; x_wconf 88' lang='lat' dir='ltr'>Deus,</span> <span class='ocrx_word' id='word_1_67' title='bbox 791 1693 817 1751; x_wconf 93' lang='grc' dir='ltr'>Ο</span> <span class='ocrx_word' id='word_1_68' title='bbox 827 1699 863 1751; x_wconf 91' lang='lat' dir='ltr'>tu</span> <span class='ocrx_word' id='word_1_69' title='bbox 873 1714 962 1771; x_wconf 90' lang='lat' dir='ltr'>quam</span> <span class='ocrx_word' id='word_1_70' title='bbox 972 1693 1085 1770; x_wconf 79' lang='lat' dir='ltr'>fulgida</span> <span class='ocrx_word' id='word_1_71' title='bbox 1100 1693 1208 1750; x_wconf 86' lang='lat' dir='ltr'>sanctis</span> <span class='ocrx_word' id='word_1_72' title='bbox 1218 1692 1320 1769; x_wconf 84' lang='lat' dir='ltr'>gloria.</span> 
     </span>
    </p>

    <p class='ocr_par' dir='ltr' id='par_1_11' title="bbox 123 1773 1077 1851">
     <span class='ocr_line' id='line_1_14' title="bbox 123 1773 1077 1851; baseline 0 -20"><span class='ocrx_word' id='word_1_73' title='bbox 123 1773 288 1831; x_wconf 78' lang='lat' dir='ltr'>Candidula</span> <span class='ocrx_word' id='word_1_74' title='bbox 301 1776 390 1832; x_wconf 92' lang='lat' dir='ltr'>turba</span> <span class='ocrx_word' id='word_1_75' title='bbox 402 1781 433 1833; x_wconf 87' lang='lat' dir='ltr'>te</span> <span class='ocrx_word' id='word_1_76' title='bbox 447 1775 574 1833; x_wconf 90' lang='lat' dir='ltr'>nimium</span> <span class='ocrx_word' id='word_1_77' title='bbox 583 1774 653 1832; x_wconf 90' lang='lat' dir='ltr'>fidei</span> <span class='ocrx_word' id='word_1_78' title='bbox 665 1775 827 1832; x_wconf 86' lang='lat' dir='ltr'>clarissima</span> <span class='ocrx_word' id='word_1_79' title='bbox 840 1795 964 1851; x_wconf 90' lang='lat' dir='ltr'>sequens</span> <span class='ocrx_word' id='word_1_80' title='bbox 977 1777 1077 1832; x_wconf 93' lang='lat' dir='ltr'>anima</span> 
     </span>
    </p>

    <p class='ocr_par' dir='ltr' id='par_1_12' title="bbox 123 1853 1089 1933">
     <span class='ocr_line' id='line_1_15' title="bbox 123 1853 1089 1933; baseline 0.001 -22"><span class='ocrx_word' id='word_1_81' title='bbox 123 1853 239 1912; x_wconf 80' lang='lat' dir='ltr'>Iabilia</span> <span class='ocrx_word' id='word_1_82' title='bbox 251 1854 358 1913; x_wconf 84' lang='lat' dir='ltr'>lubrici</span> <span class='ocrx_word' id='word_1_83' title='bbox 371 1856 509 1914; x_wconf 87' lang='lat' dir='ltr'>culminis</span> <span class='ocrx_word' id='word_1_84' title='bbox 522 1856 622 1914; x_wconf 88' lang='lat' dir='ltr'>saeculi</span> <span class='ocrx_word' id='word_1_85' title='bbox 634 1862 850 1932; x_wconf 84' lang='lat' dir='ltr'>contempserat</span> <span class='ocrx_word' id='word_1_86' title='bbox 863 1863 953 1933; x_wconf 87' lang='lat' dir='ltr'>atque</span> <span class='ocrx_word' id='word_1_87' title='bbox 968 1856 1089 1913; x_wconf 87' lang='lat' dir='ltr'>lubrica.</span> 
     </span>
    </p>

    <p class='ocr_par' dir='ltr' id='par_1_13' title="bbox 124 1934 1323 2031">
     <span class='ocr_line' id='line_1_16' title="bbox 124 1934 1323 2031; baseline 0 -39"><span class='ocrx_word' id='word_1_88' title='bbox 124 1934 183 2006; x_wconf 83' lang='lat' dir='ltr'>Qui</span> <span class='ocrx_word' id='word_1_89' title='bbox 203 1941 305 2029; x_wconf 75' lang='lat' dir='ltr'>perte</span> <span class='ocrx_word' id='word_1_90' title='bbox 325 1935 433 2031; x_wconf 78' lang='lat' dir='ltr'>ferocia</span> <span class='ocrx_word' id='word_1_91' title='bbox 452 1937 619 1995; x_wconf 82' lang='lat' dir='ltr'>sustinuere</span> <span class='ocrx_word' id='word_1_92' title='bbox 640 1938 771 2010; x_wconf 86' lang='lat' dir='ltr'>verbera,</span> <span class='ocrx_word' id='word_1_93' title='bbox 792 1936 919 2009; x_wconf 88' lang='lat' dir='ltr'>vincula,</span> <span class='ocrx_word' id='word_1_94' title='bbox 935 1942 1092 2006; x_wconf 87' lang='lat' dir='ltr'>tormenta,</span> <span class='ocrx_word' id='word_1_95' title='bbox 1106 1954 1160 2010; x_wconf 90' lang='lat' dir='ltr'>per</span> <span class='ocrx_word' id='word_1_96' title='bbox 1179 1934 1323 2010; x_wconf 89' lang='lat' dir='ltr'>supplicia</span> 
     </span>
    </p>

    <p class='ocr_par' dir='ltr' id='par_1_14' title="bbox 123 2017 1324 2191">
     <span class='ocr_line' id='line_1_17' title="bbox 123 2017 1324 2191; baseline -0.002 -37"><span class='ocrx_word' id='word_1_97' title='bbox 123 2017 513 2191; x_wconf 38' lang='lat' dir='ltr'>&amp;wsepuafflrfirppborffis</span> <span class='ocrx_word' id='word_1_98' title='bbox 529 2098 636 2157; x_wconf 85' lang='lat' dir='ltr'>intimo</span> <span class='ocrx_word' id='word_1_99' title='bbox 654 2099 781 2171; x_wconf 85' lang='lat' dir='ltr'>condita,</span> <span class='ocrx_word' id='word_1_100' title='bbox 795 2099 940 2176; x_wconf 88' lang='lat' dir='ltr'>patientia</span> <span class='ocrx_word' id='word_1_101' title='bbox 953 2118 1025 2175; x_wconf 87' lang='lat' dir='ltr'>quos</span> <span class='ocrx_word' id='word_1_102' title='bbox 1039 2097 1200 2155; x_wconf 89' lang='lat' dir='ltr'>refecerant</span> <span class='ocrx_word' id='word_1_103' title='bbox 1213 2101 1244 2153; x_wconf 88' lang='lat' dir='ltr'>et</span> <span class='ocrx_word' id='word_1_104' title='bbox 1257 2115 1324 2153; x_wconf 93' lang='lat' dir='ltr'>con-</span> 
     </span>
    </p>

    <p class='ocr_par' dir='ltr' id='par_1_15' title="bbox 123 2183 1243 2338">
     <span class='ocr_line' id='line_1_18' title="bbox 123 2183 1243 2338; baseline -0.002 -22"><span class='ocrx_word' id='word_1_105' title='bbox 123 2183 347 2317; x_wconf 56' lang='lat' dir='ltr'>Tortdfflda</span> <span class='ocrx_word' id='word_1_106' title='bbox 360 2266 463 2336; x_wconf 90' lang='lat' dir='ltr'>captus</span> <span class='ocrx_word' id='word_1_107' title='bbox 476 2260 593 2318; x_wconf 85' lang='lat' dir='ltr'>insania</span> <span class='ocrx_word' id='word_1_108' title='bbox 606 2267 726 2338; x_wconf 84' lang='lat' dir='ltr'>torquet</span> <span class='ocrx_word' id='word_1_109' title='bbox 739 2281 842 2337; x_wconf 85' lang='lat' dir='ltr'>aspera</span> <span class='ocrx_word' id='word_1_110' title='bbox 855 2260 920 2318; x_wconf 88' lang='lat' dir='ltr'>dira</span> <span class='ocrx_word' id='word_1_111' title='bbox 933 2267 1049 2318; x_wconf 88' lang='lat' dir='ltr'>sanctos</span> <span class='ocrx_word' id='word_1_112' title='bbox 1063 2258 1182 2334; x_wconf 85' lang='lat' dir='ltr'>ungula.</span> <span class='ocrx_word' id='word_1_113' title='bbox 1240 2299 1243 2305; x_wconf 82' lang='lat'><em>-</em></span> 
     </span>
    </p>

    <p class='ocr_par' dir='ltr' id='par_1_16' title="bbox 124 2339 1219 2419">
     <span class='ocr_line' id='line_1_19' title="bbox 124 2339 1219 2419; baseline -0.001 -22"><span class='ocrx_word' id='word_1_114' title='bbox 124 2339 243 2398; x_wconf 90' lang='lat' dir='ltr'>Pellens</span> <span class='ocrx_word' id='word_1_115' title='bbox 256 2346 291 2398; x_wconf 93' lang='lat' dir='ltr'>ut</span> <span class='ocrx_word' id='word_1_116' title='bbox 304 2340 384 2417; x_wconf 86' lang='lat' dir='ltr'>ligno</span> <span class='ocrx_word' id='word_1_117' title='bbox 398 2348 497 2399; x_wconf 88' lang='lat' dir='ltr'>mente</span> <span class='ocrx_word' id='word_1_118' title='bbox 511 2349 644 2419; x_wconf 88' lang='lat' dir='ltr'>apostata</span> <span class='ocrx_word' id='word_1_119' title='bbox 657 2342 744 2418; x_wconf 92' lang='lat' dir='ltr'>proni</span> <span class='ocrx_word' id='word_1_120' title='bbox 757 2340 900 2418; x_wconf 74' lang='lat' dir='ltr'>supplici*</span> <span class='ocrx_word' id='word_1_121' title='bbox 914 2361 985 2398; x_wconf 87' lang='lat' dir='ltr'>voce</span> <span class='ocrx_word' id='word_1_122' title='bbox 998 2340 1095 2398; x_wconf 82' lang='lat' dir='ltr'>ferant</span> <span class='ocrx_word' id='word_1_123' title='bbox 1108 2341 1219 2396; x_wconf 85' lang='lat' dir='ltr'>munia.</span> 
     </span>
    </p>

    <p class='ocr_par' dir='ltr' id='par_1_17' title="bbox 124 2419 1384 2579">
     <span class='ocr_line' id='line_1_20' title="bbox 124 2419 1321 2500; baseline -0.001 -22"><span class='ocrx_word' id='word_1_124' title='bbox 124 2420 181 2478; x_wconf 83' lang='lat' dir='ltr'>Sed</span> <span class='ocrx_word' id='word_1_125' title='bbox 194 2440 278 2479; x_wconf 85' lang='lat' dir='ltr'>mens</span> <span class='ocrx_word' id='word_1_126' title='bbox 290 2421 369 2478; x_wconf 89' lang='lat' dir='ltr'>alma</span> <span class='ocrx_word' id='word_1_127' title='bbox 382 2422 478 2498; x_wconf 85' lang='lat' dir='ltr'>patria</span> <span class='ocrx_word' id='word_1_128' title='bbox 491 2423 554 2500; x_wconf 85' lang='lat' dir='ltr'>lege</span> <span class='ocrx_word' id='word_1_129' title='bbox 567 2423 751 2499; x_wconf 67' lang='lat' dir='ltr'>praemonita,</span> <span class='ocrx_word' id='word_1_130' title='bbox 762 2424 848 2480; x_wconf 88' lang='lat' dir='ltr'>firma</span> <span class='ocrx_word' id='word_1_131' title='bbox 860 2429 945 2498; x_wconf 89' lang='lat' dir='ltr'>petra</span> <span class='ocrx_word' id='word_1_132' title='bbox 957 2421 1088 2492; x_wconf 88' lang='lat' dir='ltr'>fundata,</span> <span class='ocrx_word' id='word_1_133' title='bbox 1100 2420 1201 2478; x_wconf 90' lang='lat' dir='ltr'>cedere</span> <span class='ocrx_word' id='word_1_134' title='bbox 1214 2419 1321 2490; x_wconf 84' lang='lat' dir='ltr'>nescia,</span> 
     </span>
     <span class='ocr_line' id='line_1_21' title="bbox 202 2504 1384 2579; baseline 0.003 -20"><span class='ocrx_word' id='word_1_135' title='bbox 202 2521 343 2579; x_wconf 85' lang='lat' dir='ltr'>spernens</span> <span class='ocrx_word' id='word_1_136' title='bbox 351 2504 422 2579; x_wconf 88' lang='lat' dir='ltr'>jura</span> <span class='ocrx_word' id='word_1_137' title='bbox 435 2504 598 2579; x_wconf 87' lang='lat' dir='ltr'>tyrannica,</span> <span class='ocrx_word' id='word_1_138' title='bbox 1383 2509 1384 2512; x_wconf 73' lang='grc'>’</span> 
     </span>
    </p>

    <p class='ocr_par' dir='ltr' id='par_1_18' title="bbox 124 2582 1322 2740">
     <span class='ocr_line' id='line_1_22' title="bbox 124 2582 1322 2660; baseline -0.001 -20"><span class='ocrx_word' id='word_1_139' title='bbox 124 2582 286 2640; x_wconf 86' lang='lat' dir='ltr'>Profitetur</span> <span class='ocrx_word' id='word_1_140' title='bbox 293 2583 411 2640; x_wconf 89' lang='lat' dir='ltr'>unicam</span> <span class='ocrx_word' id='word_1_141' title='bbox 421 2584 478 2641; x_wconf 87' lang='lat' dir='ltr'>fide</span> <span class='ocrx_word' id='word_1_142' title='bbox 487 2584 631 2642; x_wconf 86' lang='lat' dir='ltr'>catholica</span> <span class='ocrx_word' id='word_1_143' title='bbox 640 2584 819 2641; x_wconf 81' lang='lat' dir='ltr'>Trinitatem</span> <span class='ocrx_word' id='word_1_144' title='bbox 831 2604 946 2660; x_wconf 89' lang='lat' dir='ltr'>supera,</span> <span class='ocrx_word' id='word_1_145' title='bbox 958 2583 1059 2656; x_wconf 84' lang='lat' dir='ltr'>infera,</span> <span class='ocrx_word' id='word_1_146' title='bbox 1071 2583 1175 2655; x_wconf 88' lang='lat' dir='ltr'>media,</span> <span class='ocrx_word' id='word_1_147' title='bbox 1186 2587 1322 2640; x_wconf 87' lang='lat' dir='ltr'>cunctam</span> 
     </span>
     <span class='ocr_line' id='line_1_23' title="bbox 204 2664 546 2740; baseline 0.006 -19"><span class='ocrx_word' id='word_1_148' title='bbox 204 2683 270 2740; x_wconf 74' lang='lat' dir='ltr'>quae</span> <span class='ocrx_word' id='word_1_149' title='bbox 282 2664 359 2740; x_wconf 87' lang='lat' dir='ltr'>regit</span> <span class='ocrx_word' id='word_1_150' title='bbox 372 2664 546 2723; x_wconf 76' lang='lat' dir='ltr'>muchium.</span> 
     </span>
    </p>

    <p class='ocr_par' dir='ltr' id='par_1_19' title="bbox 124 2743 1323 2903">
     <span class='ocr_line' id='line_1_24' title="bbox 124 2743 1323 2838; baseline -0.002 -36"><span class='ocrx_word' id='word_1_151' title='bbox 124 2743 172 2802; x_wconf 83' lang='lat' dir='ltr'>Sic</span> <span class='ocrx_word' id='word_1_152' title='bbox 193 2743 410 2838; x_wconf 64' lang='lat' dir='ltr'>indomabilest</span> <span class='ocrx_word' id='word_1_153' title='bbox 428 2746 554 2804; x_wconf 84' lang='lat' dir='ltr'>caelestia</span> <span class='ocrx_word' id='word_1_154' title='bbox 573 2751 718 2804; x_wconf 87' lang='lat' dir='ltr'>sectantes</span> <span class='ocrx_word' id='word_1_155' title='bbox 731 2746 916 2820; x_wconf 86' lang='lat' dir='ltr'>charismata,</span> <span class='ocrx_word' id='word_1_156' title='bbox 932 2745 972 2803; x_wconf 90' lang='lat' dir='ltr'>sic</span> <span class='ocrx_word' id='word_1_157' title='bbox 986 2745 1147 2822; x_wconf 87' lang='lat' dir='ltr'>angelicam</span> <span class='ocrx_word' id='word_1_158' title='bbox 1162 2744 1235 2802; x_wconf 88' lang='lat' dir='ltr'>secti</span> <span class='ocrx_word' id='word_1_159' title='bbox 1247 2745 1323 2801; x_wconf 88' lang='lat' dir='ltr'>colla</span> 
     </span>
     <span class='ocr_line' id='line_1_25' title="bbox 203 2832 478 2903; baseline 0.004 -20"><span class='ocrx_word' id='word_1_160' title='bbox 203 2832 319 2883; x_wconf 79' lang='lat' dir='ltr'>lutrant</span> <span class='ocrx_word' id='word_1_161' title='bbox 331 2832 478 2903; x_wconf 75' lang='lat' dir='ltr'>patriam:</span> 
     </span>
    </p>

    <p class='ocr_par' dir='ltr' id='par_1_20' title="bbox 124 2904 1323 3002">
     <span class='ocr_line' id='line_1_26' title="bbox 124 2904 1323 3002; baseline 0.002 -41"><span class='ocrx_word' id='word_1_162' title='bbox 124 2904 163 2962; x_wconf 92' lang='lat' dir='ltr'>In</span> <span class='ocrx_word' id='word_1_163' title='bbox 176 2925 236 2982; x_wconf 88' lang='lat' dir='ltr'>qua</span> <span class='ocrx_word' id='word_1_164' title='bbox 248 2926 401 3002; x_wconf 39' lang='lat' dir='ltr'>purpurea.</span> <span class='ocrx_word' id='word_1_165' title='bbox 408 2908 561 2986; x_wconf 80' lang='lat' dir='ltr'>perspicua</span> <span class='ocrx_word' id='word_1_166' title='bbox 574 2915 605 2967; x_wconf 92' lang='lat' dir='ltr'>et</span> <span class='ocrx_word' id='word_1_167' title='bbox 617 2909 741 2985; x_wconf 88' lang='lat' dir='ltr'>perenni</span> <span class='ocrx_word' id='word_1_168' title='bbox 752 2922 885 2986; x_wconf 82' lang='lat' dir='ltr'>gemmea</span> <span class='ocrx_word' id='word_1_169' title='bbox 898 2908 1007 2985; x_wconf 86' lang='lat' dir='ltr'>compti</span> <span class='ocrx_word' id='word_1_170' title='bbox 1019 2907 1121 2964; x_wconf 89' lang='lat' dir='ltr'>laurea</span> <span class='ocrx_word' id='word_1_171' title='bbox 1134 2906 1191 2964; x_wconf 85' lang='lat' dir='ltr'>tibi</span> <span class='ocrx_word' id='word_1_172' title='bbox 1200 2905 1323 2982; x_wconf 91' lang='lat' dir='ltr'>pulchra</span> 
     </span>
    </p>

    <p class='ocr_par' dir='ltr' id='par_1_21' title="bbox 125 2993 1322 3207">
     <span class='ocr_line' id='line_1_27' title="bbox 125 2993 1322 3207; baseline 0.001 -83"><span class='ocrx_word' id='word_1_173' title='bbox 125 2993 517 3207; x_wconf 47' lang='lat' dir='ltr'>Quoffimmlidpigirbdldstiva</span> <span class='ocrx_word' id='word_1_174' title='bbox 529 3070 638 3149; x_wconf 83' lang='lat' dir='ltr'>gaudia</span> <span class='ocrx_word' id='word_1_175' title='bbox 651 3076 682 3128; x_wconf 89' lang='lat' dir='ltr'>et</span> <span class='ocrx_word' id='word_1_176' title='bbox 695 3069 849 3129; x_wconf 85' lang='lat' dir='ltr'>laudantes</span> <span class='ocrx_word' id='word_1_177' title='bbox 863 3070 1015 3128; x_wconf 87' lang='lat' dir='ltr'>sollemnia</span> <span class='ocrx_word' id='word_1_178' title='bbox 1028 3076 1063 3127; x_wconf 87' lang='lat' dir='ltr'>tu</span> <span class='ocrx_word' id='word_1_179' title='bbox 1077 3088 1139 3141; x_wconf 89' lang='lat' dir='ltr'>nos,</span> <span class='ocrx_word' id='word_1_180' title='bbox 1152 3068 1179 3126; x_wconf 94' lang='grc' dir='ltr'>Ο</span> <span class='ocrx_word' id='word_1_181' title='bbox 1194 3068 1322 3125; x_wconf 88' lang='lat' dir='ltr'>Domine</span> 
     </span>
    </p>

    <p class='ocr_par' dir='ltr' id='par_1_22' title="bbox 123 3150 1322 3325">
     <span class='ocr_line' id='line_1_28' title="bbox 123 3150 1322 3325; baseline -0.003 -37"><span class='ocrx_word' id='word_1_182' title='bbox 123 3229 190 3300; x_wconf 83' lang='lat' dir='ltr'>Quo</span> <span class='ocrx_word' id='word_1_183' title='bbox 207 3150 512 3325; x_wconf 30' lang='lat' dir='ltr'>sedinlffiiatdonaei</span> <span class='ocrx_word' id='word_1_184' title='bbox 533 3232 629 3310; x_wconf 83' lang='lat' dir='ltr'>gratia</span> <span class='ocrx_word' id='word_1_185' title='bbox 646 3251 714 3289; x_wconf 90' lang='lat' dir='ltr'>cum</span> <span class='ocrx_word' id='word_1_186' title='bbox 731 3231 911 3308; x_wconf 85' lang='lat' dir='ltr'>martyribus</span> <span class='ocrx_word' id='word_1_187' title='bbox 929 3237 1039 3288; x_wconf 82' lang='lat' dir='ltr'>aeterna</span> <span class='ocrx_word' id='word_1_188' title='bbox 1056 3230 1191 3288; x_wconf 84' lang='lat' dir='ltr'>laetemur</span> <span class='ocrx_word' id='word_1_189' title='bbox 1208 3228 1322 3304; x_wconf 82' lang='lat' dir='ltr'>fulgida</span> 
     </span>
    </p>

    <p class='ocr_par' dir='ltr' id='par_1_23' title="bbox 122 3318 1288 3469">
     <span class='ocr_line' id='line_1_29' title="bbox 122 3318 1288 3469; baseline -0.003 -19"><span class='ocrx_word' id='word_1_190' title='bbox 122 3390 149 3450; x_wconf 93' lang='lat'>0</span> <span class='ocrx_word' id='word_1_191' title='bbox 163 3318 433 3462; x_wconf 55' lang='lat' dir='ltr'>boibmdddsbbldi</span> <span class='ocrx_word' id='word_1_192' title='bbox 443 3394 578 3466; x_wconf 83' lang='lat' dir='ltr'>caelestia,</span> <span class='ocrx_word' id='word_1_193' title='bbox 595 3393 731 3452; x_wconf 88' lang='lat' dir='ltr'>danobis</span> <span class='ocrx_word' id='word_1_194' title='bbox 744 3392 822 3450; x_wconf 86' lang='lat' dir='ltr'>alma</span> <span class='ocrx_word' id='word_1_195' title='bbox 835 3391 932 3451; x_wconf 89' lang='lat' dir='ltr'>caelica</span> <span class='ocrx_word' id='word_1_196' title='bbox 944 3397 1092 3469; x_wconf 83' lang='lat' dir='ltr'>perpetuae</span> <span class='ocrx_word' id='word_1_197' title='bbox 1106 3391 1176 3448; x_wconf 82' lang='lat' dir='ltr'>vitae</span> <span class='ocrx_word' id='word_1_198' title='bbox 1190 3409 1288 3466; x_wconf 83' lang='lat' dir='ltr'>regna.</span> 
     </span>
    </p>
   </div>
   <div class='ocr_carea' id='block_1_7' title="bbox 565 3584 877 3786">
    <p class='ocr_par' dir='ltr' id='par_1_24' title="bbox 565 3584 877 3786">
     <span class='ocr_line' id='line_1_30' title="bbox 685 3584 770 3643; baseline -0.012 0"><span class='ocrx_word' id='word_1_199' title='bbox 685 3584 770 3643; x_wconf 90' lang='lat' dir='ltr'>XLI.</span> 
     </span>
     <span class='ocr_line' id='line_1_31' title="bbox 565 3704 877 3786; baseline 0.006 -23"><span class='ocrx_word' id='word_1_200' title='bbox 565 3704 628 3785; x_wconf 80' lang='lat' dir='ltr'>(Du</span> <span class='ocrx_word' id='word_1_201' title='bbox 648 3705 877 3786; x_wconf 76' lang='lat' dir='ltr'>Mnsrrnreus.)</span> 
     </span>
    </p>
   </div>
   <div class='ocr_carea' id='block_1_8' title="bbox 263 3827 865 3997">
    <p class='ocr_par' dir='ltr' id='par_1_25' title="bbox 263 3827 865 3997">
     <span class='ocr_line' id='line_1_32' title="bbox 263 3827 808 3904; baseline 0.002 -19"><span class='ocrx_word' id='word_1_202' title='bbox 263 3827 358 3887; x_wconf 77' lang='lat' dir='ltr'>Proca</span> <span class='ocrx_word' id='word_1_203' title='bbox 370 3829 412 3886; x_wconf 84' lang='lat' dir='ltr'>cd</span> <span class='ocrx_word' id='word_1_204' title='bbox 424 3829 446 3887; x_wconf 89' lang='lat' dir='ltr'><strong>J</strong></span> <span class='ocrx_word' id='word_1_205' title='bbox 448 3835 532 3886; x_wconf 88' lang='lat' dir='ltr'>ustus</span> <span class='ocrx_word' id='word_1_206' title='bbox 545 3833 579 3885; x_wconf 93' lang='lat' dir='ltr'>ut</span> <span class='ocrx_word' id='word_1_207' title='bbox 592 3828 691 3904; x_wconf 89' lang='lat' dir='ltr'>palma</span> <span class='ocrx_word' id='word_1_208' title='bbox 703 3828 808 3886; x_wconf 81' lang='lat' dir='ltr'>minor.</span> 
     </span>
     <span class='ocr_line' id='line_1_33' title="bbox 264 3910 865 3997; baseline 0.002 -19"><span class='ocrx_word' id='word_1_209' title='bbox 264 3920 411 3997; x_wconf 83' lang='lat' dir='ltr'>Alleluya.</span> <span class='ocrx_word' id='word_1_210' title='bbox 839 3910 865 3944; x_wconf 72' lang='lat'>“¹</span> 
     </span>
    </p>
   </div>
   <div class='ocr_carea' id='block_1_9' title="bbox 203 4016 938 4256">
    <p class='ocr_par' dir='ltr' id='par_1_26' title="bbox 203 4016 938 4256">
     <span class='ocr_line' id='line_1_34' title="bbox 204 4016 836 4094; baseline -0.002 -20"><span class='ocrx_word' id='word_1_211' title='bbox 204 4016 337 4076; x_wconf 74' lang='lat' dir='ltr'>Lnunnn</span> <span class='ocrx_word' id='word_1_212' title='bbox 357 4034 460 4076; x_wconf 78' lang='lat' dir='ltr'>morra</span> <span class='ocrx_word' id='word_1_213' title='bbox 481 4018 550 4076; x_wconf 79' lang='lat' dir='ltr'>Duo</span> <span class='ocrx_word' id='word_1_214' title='bbox 563 4023 728 4094; x_wconf 86' lang='lat' dir='ltr'>martyrum</span> <span class='ocrx_word' id='word_1_215' title='bbox 740 4017 836 4074; x_wconf 88' lang='lat' dir='ltr'>turba.</span> 
     </span>
     <span class='ocr_line' id='line_1_35' title="bbox 203 4097 905 4175; baseline -0.004 -19"><span class='ocrx_word' id='word_1_216' title='bbox 203 4097 264 4168; x_wconf 79' lang='lat' dir='ltr'>Qui</span> <span class='ocrx_word' id='word_1_217' title='bbox 276 4118 329 4175; x_wconf 91' lang='lat' dir='ltr'>pro</span> <span class='ocrx_word' id='word_1_218' title='bbox 343 4099 475 4156; x_wconf 89' lang='lat' dir='ltr'>mercede</span> <span class='ocrx_word' id='word_1_219' title='bbox 488 4099 657 4156; x_wconf 87' lang='lat' dir='ltr'>certaminis</span> <span class='ocrx_word' id='word_1_220' title='bbox 670 4097 761 4155; x_wconf 85' lang='lat' dir='ltr'>lucidi</span> <span class='ocrx_word' id='word_1_221' title='bbox 775 4097 905 4174; x_wconf 88' lang='lat' dir='ltr'>pretiosa</span> 
     </span>
     <span class='ocr_line' id='line_1_36' title="bbox 203 4178 938 4256; baseline -0.001 -21"><span class='ocrx_word' id='word_1_222' title='bbox 203 4178 267 4236; x_wconf 93' lang='lat' dir='ltr'>Vos</span> <span class='ocrx_word' id='word_1_223' title='bbox 280 4179 356 4237; x_wconf 85' lang='lat' dir='ltr'>stola</span> <span class='ocrx_word' id='word_1_224' title='bbox 368 4180 460 4237; x_wconf 82' lang='lat' dir='ltr'>vestit</span> <span class='ocrx_word' id='word_1_225' title='bbox 472 4185 614 4256; x_wconf 83' lang='lat' dir='ltr'>perpetua</span> <span class='ocrx_word' id='word_1_226' title='bbox 626 4178 759 4256; x_wconf 86' lang='lat' dir='ltr'>gemmea</span> <span class='ocrx_word' id='word_1_227' title='bbox 772 4184 803 4235; x_wconf 89' lang='lat' dir='ltr'>et</span> <span class='ocrx_word' id='word_1_228' title='bbox 811 4182 918 4236; x_wconf 83' lang='lat' dir='ltr'>corona</span> <span class='ocrx_word' id='word_1_229' title='bbox 929 4197 938 4250; x_wconf 91' lang='lat'>;</span> 
     </span>
    </p>
   </div>
   <div class='ocr_carea' id='block_1_10' title="bbox 203 4259 689 4398">
    <p class='ocr_par' dir='ltr' id='par_1_27' title="bbox 203 4259 689 4398">
     <span class='ocr_line' id='line_1_37' title="bbox 203 4259 535 4318; baseline 0 0"><span class='ocrx_word' id='word_1_230' title='bbox 203 4259 268 4318; x_wconf 91' lang='lat' dir='ltr'>Ubi</span> <span class='ocrx_word' id='word_1_231' title='bbox 281 4265 392 4318; x_wconf 80' lang='lat' dir='ltr'>aterna</span> <span class='ocrx_word' id='word_1_232' title='bbox 405 4279 458 4317; x_wconf 88' lang='lat' dir='ltr'>vos</span> <span class='ocrx_word' id='word_1_233' title='bbox 470 4260 535 4318; x_wconf 86' lang='lat' dir='ltr'>lilia</span> 
     </span>
     <span class='ocr_line' id='line_1_38' title="bbox 204 4339 689 4398; baseline 0 0"><span class='ocrx_word' id='word_1_234' title='bbox 204 4339 297 4398; x_wconf 82' lang='lat' dir='ltr'>Grata</span> <span class='ocrx_word' id='word_1_235' title='bbox 310 4341 494 4397; x_wconf 86' lang='lat' dir='ltr'>circumdant</span> <span class='ocrx_word' id='word_1_236' title='bbox 506 4349 537 4398; x_wconf 87' lang='lat' dir='ltr'>et</span> <span class='ocrx_word' id='word_1_237' title='bbox 550 4340 689 4398; x_wconf 83' lang='lat' dir='ltr'>balsama.</span> 
     </span>
    </p>
   </div>
   <div class='ocr_carea' id='block_1_11' title="bbox 313 4457 1135 4523">
    <p class='ocr_par' dir='ltr' id='par_1_28' title="bbox 313 4457 1135 4523">
     <span class='ocr_line' id='line_1_39' title="bbox 313 4457 1135 4523; baseline -0.001 -15"><span class='ocrx_word' id='word_1_238' title='bbox 313 4462 326 4487; x_wconf 72' lang='lat'>⁸</span> <span class='ocrx_word' id='word_1_239' title='bbox 337 4462 538 4523; x_wconf 84' lang='lat' dir='ltr'>MS.-suppliea</span> <span class='ocrx_word' id='word_1_240' title='bbox 670 4490 674 4500; x_wconf 53' lang='grc' dir='ltr'>ι</span> <span class='ocrx_word' id='word_1_241' title='bbox 699 4478 709 4491; x_wconf 86' lang='lat'><strong>·</strong></span> <span class='ocrx_word' id='word_1_242' title='bbox 860 4457 1135 4516; x_wconf 84' lang='lat' dir='ltr'>†MS.-indomabilc.</span> 
     </span>
    </p>
   </div>
   <div class='ocr_carea' id='block_1_12' title="bbox 0 0 1478 5002">
    <p class='ocr_par' dir='ltr' id='par_1_29' title="bbox 0 0 1478 5002">
     <span class='ocr_line' id='line_1_40' title="bbox 0 0 1478 5002; baseline 0 0"><span class='ocrx_word' id='word_1_243' title='bbox 0 0 1478 5002; x_wconf 95' lang='lat' dir='ltr'> </span> 
     </span>
    </p>
   </div>
  </div>
 </body>
</html>
