2946 5002
136 373 199 435 128
571 370 667 436 Festa
688 368 891 436 Novembris.

197 535 377 596 Communia.
420 536 531 594 Beatus
545 556 653 595 servus.

195 617 455 676 Postcommaaaio.*

196 699 243 757 Ut
256 698 350 771 nobis,
362 699 498 769 Domine,
509 705 563 755 tua
577 698 718 756 sacrificia
728 699 800 756 dent
813 699 948 770 salutem,
959 699 1064 756 beatus
1077 698 1254 756 Edmundus
1269 719 1331 756 con-

132 779 225 838 fessor
237 786 308 836 tuus
321 784 411 856 atque
424 779 568 855 pontifex,
583 779 720 852 Domine,
734 798 910 855 quaesumus,
924 785 1059 856 precator
1072 780 1198 838 accedat.
1234 780 1300 837 Per.

236 958 346 1015 Sinuri
366 960 496 1030 Annua,
519 975 654 1017 miscear
675 975 713 1016 ΕΤ
732 975 936 1017 corrassorus.
981 959 1043 1038 (xv.
1059 959 1129 1016 Kal.
1145 958 1232 1036 Dec.)

197 1069 337 1146 Officium.
383 1072 552 1130 Sacerdotes
566 1074 620 1134 tui.

197 1153 305 1210 Oratio.
350 1153 406 1223 Da,
422 1173 595 1230 quaesumus.
647 1159 649 1164 ⁴

196 1233 338 1308 Epistola.
381 1233 499 1310 Optavi.

197 1313 330 1371 Gaudete.
374 1315 448 1372 Ecce
462 1315 600 1372 sacerdos

195 1394 344 1469 Alleluya.
393 1393 423 1453 V.
444 1395 553 1453 Inveni
567 1395 674 1452 David.

195 1474 397 1549 Ecanpalium.
440 1475 504 1532 Vos
518 1476 589 1533 estis
602 1476 646 1532 sal
659 1482 752 1532 terrae.

198 1553 390 1628 Offlrtora'am.
433 1555 543 1613 Inveni
557 1555 664 1615 David.

197 1635 378 1695 Communia.
422 1636 518 1694 Semel
527 1637 636 1712 juravi.

195 1715 218 1774 I
215 1738 236 1774 a
251 1717 350 1775 Octavi
362 1718 457 1776 eoacti
469 1717 509 1774 M
506 1717 619 1787 artiai;
642 1717 782 1792 Officium,
799 1717 921 1789 Statuit,
937 1727 963 1775 ct
976 1727 1074 1791 ecura,
1091 1719 1166 1778 sicat
1179 1720 1213 1777 ira
1226 1721 1282 1779 dia.

265 1908 376 1966 Sarcrr
396 1909 555 1982 Enuurnr,
578 1925 666 1966 arms
688 1926 725 1966 ΕΤ
745 1924 907 1967 urarrars.
952 1907 1016 1985 (xii.
1034 1909 1103 1968 Kal.
1120 1899 1205 1987 Dec.)

197 2018 336 2095 Officium.
380 2022 544 2080 Laetabitur
553 2023 661 2098 justus.

200 2102 310 2160 Oratio.

196 2180 286 2255 Deus,
312 2183 469 2240 ineffabilis
486 2183 701 2255 misericordiae,
716 2183 768 2258 qui
792 2182 994 2240 beatissimum
1018 2202 1116 2260 regem
1141 2185 1334 2243 Edmundum

135 2261 269 2320 tribuisti
282 2283 335 2338 pro
349 2270 402 2321 tuo
416 2264 535 2320 nomine
552 2262 705 2320 inimicum
726 2262 878 2320 moriendo
897 2263 1024 2335 vincere,
1038 2265 1162 2322 concede
1184 2267 1332 2342 propitius

135 2343 204 2400 huic
228 2344 346 2401 familiae
373 2351 441 2417 tuae,
460 2350 496 2400 ut
520 2363 553 2401 eo
576 2344 792 2401 interveniente
814 2349 963 2401 mereatur
983 2344 1016 2401 in
1040 2363 1071 2402 se
1095 2346 1213 2421 antiqui
1237 2346 1331 2405 hostis

135 2423 329 2482 incitamenta
342 2424 506 2501 superando
520 2424 715 2500 exstinguere.
758 2424 824 2481 Per.

189 2505 331 2581 Epistola.
375 2506 487 2563 Beatus
499 2507 555 2578 vir,
570 2506 667 2580 quiin
681 2504 824 2581 sapientia
838 2505 1009 2563 morabitur.

199 2586 325 2644 Gradola
376 2587 484 2646 Justus
498 2591 532 2642 ut
545 2587 650 2662 palma

196 2630 356 2743 Alleluy'
394 2666 425 2726 7.
448 2665 614 2723 Laetabitur
623 2667 733 2742 justus.

196 2746 359 2822 Sequentia.
404 2747 566 2823 Organicis,
582 2756 616 2803 ut
629 2747 663 2804 io
677 2745 839 2806 Communi.

197 2828 397 2902 Ecuapalc'am.
442 2828 474 2884 si
487 2827 553 2902 quis
565 2827 632 2883 vult
645 2833 712 2903 post
725 2845 772 2883 me
785 2826 894 2884 venire.

200 2907 391 2982 Offlrtora'am.
435 2907 629 2965 Desiderium.

200 2990 321 3048 Sacrata.

198 3071 266 3128 Hoc
294 3069 467 3127 sacrificium
494 3068 658 3126 devotionis
684 3075 801 3140 nostrae,
830 3087 1004 3143 quaesumus,
1031 3071 1214 3147 omnipotens
1242 3073 1332 3146 Deus

132 3152 296 3210 elementer
310 3151 426 3226 respice,
441 3156 471 3207 et
494 3151 695 3207 intercedente
708 3151 794 3206 beato
809 3149 966 3207 Edmundo
988 3170 1054 3227 rege
1076 3157 1107 3209 et
1128 3160 1258 3228 martyre
1270 3161 1332 3226 tuo,

137 3253 191 3310 pro
204 3233 258 3290 hac
271 3232 384 3289 familia
398 3237 451 3288 tua
464 3231 596 3306 placatus
610 3249 731 3288 assume.
775 3230 840 3287 Per.

200 3313 381 3373 Communia.
425 3311 563 3370 Posuisti.

199 3393 442 3452 Poatcommuaio.

198 3477 266 3534 Sint
279 3475 344 3546 tibi,
360 3473 545 3548 omnipotens
560 3472 648 3544 Deus,
664 3477 748 3548 grata
762 3479 869 3529 nostrae
890 3473 1043 3531 servitutis
1063 3475 1212 3551 obsequia,
1227 3483 1258 3534 et
1271 3477 1333 3541 haec

133 3565 239 3616 sancta
262 3575 327 3631 quae
351 3554 537 3629 sumpsimus,
556 3554 756 3610 intercedente
779 3554 865 3609 beato
889 3553 1047 3611 Edmundo
1069 3575 1137 3632 rege
1155 3562 1185 3613 et
1203 3563 1333 3634 martyre

133 3644 198 3710 tuo,
213 3637 328 3714 prosint
341 3635 426 3692 nobis
438 3634 477 3691 ad
491 3633 632 3710 capienda
645 3633 766 3709 praemia
779 3633 842 3690 vita
855 3640 1012 3711 perpetuae.
1055 3635 1121 3694 Per.

259 3816 385 3874 Sanora
406 3813 555 3885 ΟΕΤΙΕῙΕ,
577 3829 713 3871 vraomrs
734 3829 771 3869 ΕΤ
792 3829 952 3872 ussarius.
997 3815 1037 3894 (x.
1055 3817 1124 3876 Kal.
1140 3817 1225 3897 Dec.)

203 3929 342 4006 Officium.
393 3927 555 4004 Loquebar.

203 4012 312 4070 Oratio

199 4092 289 4163 Deus,
305 4091 358 4167 qui
375 4109 428 4147 nos
449 4108 547 4146 annua
565 4090 658 4146 beatae
677 4088 801 4146 Caeciliae
819 4090 959 4164 martyris
978 4099 1036 4148 tuse
1054 4092 1250 4152 sollemnitate
1263 4095 1334 4153 laeti-

138 4174 216 4247 ficas,
232 4173 277 4244 da,
289 4178 324 4229 ut
344 4191 433 4246 quam
453 4189 627 4228 veneramur
641 4168 742 4243 officio,
758 4170 849 4227 etiam
862 4171 918 4246 pise
935 4174 1164 4232 conversationis
1178 4195 1334 4253 sequamur

137 4254 280 4330 exemplo.
324 4252 388 4310 Per.

197 4376 210 4403 *⁵
225 4375 278 4419 MS.
295 4373 451 4418 D.—Montaa
470 4377 573 4429 nostras,
590 4385 734 4429 quaesumus,
752 4371 861 4428 Domino,
879 4373 998 4431 susceptis
1013 4373 1099 4420 robora
1119 4378 1287 4434 sacromontis3
1308 4381 1334 4422 ut

135 4434 203 4480 siout
219 4447 260 4478 eos
276 4432 339 4478 boati
356 4431 476 4476 Edmundi
494 4431 640 4478 confessoris
657 4431 692 4476 tui
710 4437 782 4488 atque
802 4431 923 4491 pontificis
941 4433 1011 4477 novis
1028 4433 1142 4492 dignatus
1156 4449 1183 4479 es
1201 4437 1333 4483 confortare

138 4492 269 4549 miracula,
285 4505 321 4537 src
331 4493 404 4537 otram
414 4504 498 4550 juvare
508 4490 631 4548 suffragiis
641 4493 665 4535 ct
675 4489 795 4536 illustrare
805 4491 910 4550 digneris
920 4491 1043 4550 exemplis.
1075 4495 1122 4540 Per
1133 4494 1269 4542 Dominum.
