2946 5002
211 389 276 451 328
420 383 541 449 Missai
558 384 665 469 Offiees
681 383 775 470 from
789 382 839 448 tte
852 380 1193 466 Beaya'Peatifieal.

270 551 343 691 Ροὶι
364 551 440 610 ltaac
465 551 630 609 Orationem
654 550 758 626 lepitwr
776 550 991 624 Evanqeliam:
1019 549 1120 606 huba
1139 546 1234 605 multe.
1253 565 1320 624 quae
1340 565 1406 605 con·

210 651 319 691 venera

271 714 355 772 Tacta
368 714 416 771 det
427 712 567 772 Sacerdos
579 710 699 789 palmas
712 712 753 770 ad
760 710 914 788 pepadaa,
929 720 956 770 et
967 683 1063 769 scau
1077 717 1170 768 canat
1183 706 1388 786 Antiphonem
1397 728 1407 766 .·

211 795 302 854 Pueri
322 794 518 853 Hebraeorum
531 793 677 866 tollentes,
691 801 718 851 et
731 802 822 851 cetera
835 792 886 869 (at
898 812 999 868 napea,
1014 791 1071 848 vol.
1087 791 1107 852 ‘n
1122 810 1149 866 p
1166 789 1230 868 85).

268 874 341 933 Ala
359 874 538 950 Antipltaaa.
580 874 670 931 Pueri
683 874 880 933 Hebraeorum
892 874 1077 945 vestimenta,
1092 880 1230 944 etcetera,
1244 879 1394 946 utsupra.

199 997 203 1004 ·
271 955 380 1050 Oratis.
423 956 618 1032 Omnipotens
637 954 813 1031 sempiterne
832 953 922 1027 Deus,
945 954 997 1030 qui
1017 953 1190 1024 Dominum,
1208 961 1235 1010 et
1255 960 1357 1024 cetera,
1372 955 1408 1012 ut
1453 1009 1457 1021 ,

208 1057 318 1179 wigii
324 1038 594 1192 zdiiiimegirediaatar
607 1115 736 1176 etaiaersa'
749 1136 815 1175 man
823 1114 1002 1192 processione
1012 1113 1124 1186 festiva.

772 1296 831 1354 IV.

625 1427 726 1486 M1ssn
745 1444 786 1484 nn
805 1428 982 1487 Temenus.

270 1551 310 1611 Ut
322 1556 423 1628 supra,
438 1549 495 1609 vol.
511 1551 541 1608 ii.
558 1570 585 1627 p.
604 1550 681 1623 1583
701 1550 815 1608 amnas
830 1549 963 1626 Epistola
971 1550 1075 1626 prima
1088 1560 1115 1610 et
1128 1550 1292 1626 Sequentia.

580 1708 681 1767 M1sss
701 1725 743 1766 nn
763 1708 883 1767 Ssncno
904 1708 1037 1768 Semne.

271 1827 309 1888 Ut
323 1848 422 1906 supra,
437 1828 495 1886 vol.
511 1828 541 1886 ii.
557 1847 584 1905 p.
603 1828 680 1900 1583
700 1827 803 1886 omisso
817 1827 920 1886 Gloria
932 1828 965 1885 in
979 1828 1118 1886 Excelsis

654 1984 756 2042 Missa
776 2000 818 2041 nn
839 1983 953 2044 Onnes.

270 2106 310 2167 Ut
329 2127 429 2184 supra,
451 2106 506 2164 vol.
527 2106 557 2164 ii.
575 2126 603 2182 p.
629 2107 685 2165 159
701 2127 710 2180 ;
731 2107 844 2166 amasis
864 2106 967 2165 Gloria
986 2108 1019 2164 in
1040 2107 1180 2180 Excelsis,
1194 2106 1361 2184 Sequentia,
1377 2117 1404 2171 et

203 2188 391 2266 Prasatiaue.

641 2301 691 2358 Dn
713 2317 830 2360 snncss
851 2301 971 2360 Mssni.

263 2422 404 2562 ssffi‘eleum.
448 2422 543 2494 Salve,
559 2428 661 2481 sancta
674 2443 787 2500 parens,
803 2433 829 2482 et
843 2433 933 2482 cetera
945 2424 999 2500 (at
1012 2444 1112 2501 supra,
1127 2426 1184 2483 vol.
1199 2426 1229 2484 ii.
1245 2445 1273 2503 p.
1291 2427 1378 2507 163).

291 2525 306 2563 s
336 2524 409 2563 neas.

263 2584 426 2644 Benedicta
438 2590 473 2642 tu
487 2585 518 2642 in
533 2584 705 2644 mulieribus
717 2606 723 2642 :
743 2589 774 2643 et
786 2585 957 2644 benedictus
969 2585 1084 2644 fruetus
1096 2588 1210 2645 ventris
1223 2588 1277 2645 tui.

262 2665 373 2724 Oratio.
417 2664 558 2737 Concede,
574 2675 600 2724 et
613 2675 705 2725 cetera
719 2664 789 2745 (vol.
805 2666 835 2724 ii.
851 2686 878 2744 p.
897 2666 976 2744 164).

263 2746 362 2806 Lectio
376 2746 444 2805 litet
456 2746 621 2822 Sapientia.
664 2747 715 2804 Ab
728 2747 824 2819 initio,
840 2756 866 2806 et
879 2757 970 2806 cetera
983 2746 1090 2824 (ibid.)

263 2825 399 2886 Gradale.
443 2826 612 2896 Benedicta,
627 2835 653 2884 et
667 2837 757 2885 cetera
769 2827 882 2904 (idid.)

208 2908 238 2967 V.
264 2906 324 2964 Vir
343 2926 368 2964 o.

226 3026 229 3033 ι
262 2927 412 3063 Allegluye.
462 2987 490 3046 V.
514 2987 586 3045 Post
599 2993 726 3064 partum.

262 3067 412 3144 Alleluya.
460 3067 490 3127 V.
507 3067 572 3126 'Per
586 3075 625 3142 te,
640 3069 699 3127 Dei
711 3069 856 3146 genetrix,
873 3074 918 3128 est
937 3070 1022 3129 nobis
1035 3072 1099 3130 vite
1111 3071 1226 3150 perdita
1239 3072 1317 3146 data,
1334 3092 1404 3150 quse

203 3151 239 3209 de
252 3149 323 3208 caelo
337 3147 490 3225 suscepisti
502 3148 614 3226 prolem
628 3157 659 3206 et
672 3151 777 3208 mundi
789 3150 920 3228 genuisti
932 3151 1116 3212 salvatorem.

263 3229 433 3290 Secundam
446 3231 565 3288 laeam

205 3311 367 3470 (ebulln)fflo
381 3318 522 3388 tempore,
537 3311 691 3387 Loquente
710 3312 733 3371 J
734 3331 785 3370 esu
799 3313 837 3370 ud
850 3313 961 3386 turbes,
977 3315 1124 3374 extollens
1144 3334 1253 3388 vocem,
1270 3323 1295 3373 et
1310 3324 1404 3376 cetera

198 3527 200 3533 .
261 3471 430 3533 Secundam
442 3471 610 3531 Iohannem
627 3471 703 3550 (aix.
727 3473 841 3552 25-27).

263 3553 304 3611 In
327 3553 379 3611 illo
402 3559 543 3630 tempore,
566 3554 692 3612 Stabant
711 3555 803 3630 juxta
824 3574 940 3613 crucem
959 3576 1049 3632 usqae
1069 3558 1110 3614 ad
1130 3557 1242 3635 accepit
1261 3576 1325 3616 eam
1347 3558 1404 3618 dis·

204 3633 320 3712 cipulus
332 3633 365 3691 in
378 3654 439 3695 sua.

266 3714 406 3790 Officium.
450 3715 536 3772 Felix
548 3734 676 3791 namque
689 3735 729 3788 es,
744 3725 770 3774 et
784 3725 875 3774 cetere
888 3715 995 3795 (ibid.)

266 3795 386 3855 Secreta.
429 3796 502 3867 Tus,
518 3796 655 3868 Domine,
668 3805 696 3854 et
708 3805 799 3855 cetera
812 3797 922 3874 (ibid.)

265 3874 447 3937 Communia.
490 3876 584 3934 Beate
596 3877 715 3951 vissein,
731 3886 757 3936 et
771 3886 862 3937 cetera
874 3878 981 3955 (ibid.)

264 3957 336 4015 Alia
351 3956 532 4017 Communia.

265 4037 347 4096 Vera
359 4038 431 4096 fides
444 4037 539 4116 geniti
556 4038 694 4115 purgavit
707 4038 831 4098 crimina
845 4040 957 4115 mundi,
972 4046 1003 4098 et
1016 4040 1073 4098 tibi
1086 4041 1244 4120 virginitas
1257 4042 1403 4104 inviolate

206 4125 315 4177 menet.
358 4119 507 4196 Alleluya.

264 4199 506 4260 Postcemmaais.
550 4199 691 4277 Sumptis,
705 4209 732 4260 et
745 4210 835 4260 cetera
848 4202 1012 4280 (utsupra,
1026 4202 1084 4260 val.
1099 4203 1129 4261 ii.
1145 4223 1173 4279 p.
1192 4204 1279 4280 165).

399 4357 499 4416 M1sss
519 4373 560 4415 nn
581 4373 696 4417 snucns
717 4358 830 4417 Mnus
849 4376 884 4418 sn
903 4360 1058 4418 Anvnunn
1079 4360 1210 4419 Donnu.

272 4478 311 4537 Ut
323 4499 422 4555 supra,
437 4479 495 4538 vol.
510 4479 540 4537 ii.
557 4500 584 4556 p.
603 4480 671 4538 16οζ
