2946 5002
599 410 695 475 Festo
708 407 827 476 danii.

437 574 576 633 Placatur
589 577 710 634 tandem
724 597 851 653 superna
864 579 958 656 pietas

474 655 585 732 Longis
598 658 658 713 viri
670 658 798 730 fletibus

436 737 572 794 Eundem
586 736 674 814 plena
686 740 842 796 remittens

475 817 543 875 Suis
555 818 588 874 in
602 825 749 895 potestate
763 821 876 878 ovibus.

436 929 492 988 Sed
506 930 538 986 in
552 931 637 988 brevi
650 940 852 990 consummabo

474 1011 589 1069 Labore
602 1012 719 1071 tollitur
733 1014 769 1071 de
782 1014 896 1073 medio:

434 1091 521 1161 Quod
534 1092 637 1150 livoris
650 1093 769 1151 tabem*
783 1096 886 1168 nescit,

474 1173 592 1231 Caelesti
605 1175 792 1252 triumphans
805 1177 924 1253 palatio.

433 1286 537 1345 Verba
550 1289 650 1362 mutis,
666 1290 749 1347 caecis
762 1291 852 1363 visus,

434 1369 624 1445 Reparantur
638 1370 784 1427 divinitus

473 1449 548 1526 Ejus
562 1470 646 1526 opem
660 1452 855 1527 poscentibus.

434 1565 543 1638 Sardis,
560 1566 679 1638 claudia,
696 1572 726 1624 et
739 1567 868 1643 leprosis,

435 1645 520 1704 Salus
534 1646 631 1719 datur,
647 1653 677 1705 et
690 1648 828 1724 gibbosis‚

473 1727 580 1784 Turbis
594 1728 692 1785 Deum
706 1729 902 1786 laudantibus.

432 1840 609 1917 Effugantur
623 1841 776 1912 daemonia,

473 1921 624 2000 Sanantur
637 1923 802 1998 paralytici,

434 2001 622 2060 Moribundis
635 2004 699 2060 vita
713 2004 798 2075 redit,

472 2084 623 2141 Ourantur
636 2090 667 2141 et
681 2083 842 2161 hydropici.

433 2197 551 2255 Gaudet
564 2200 752 2268 aemorroissa,

472 2279 622 2337 Rostricto
636 2281 720 2337 fluxu
735 2281 894 2358 sanguinis.

424 2359 550 2417 Gaudet
563 2366 594 2417 et
608 2362 769 2419 calculosus

470 2441 577 2498 Morbo
591 2449 723 2500 cessante
736 2443 851 2519 lapidis

431 2557 543 2614 Panem
556 2559 634 2634 sapit
648 2560 702 2615 sub
716 2559 815 2634 palato

431 2638 525 2695 Sacrae
541 2641 649 2696 tumbae
663 2659 701 2696 ex
715 2645 855 2697 coemento

469 2720 521 2777 Ad
534 2719 660 2777 salutem
674 2727 791 2796 sumpta
804 2720 960 2797 particula.

430 2832 521 2890 Facto
535 2841 605 2891 voto
619 2841 717 2890 nautae
731 2840 849 2910 gratum

430 2914 525 2972 Salvis
539 2916 627 2972 rebus
640 2922 744 2972 tenent
757 2921 877 2991 portum

469 2996 568 3071 Aquis
581 2996 670 3073 plena
682 2997 761 3052 vecti
774 2995 917 3055 navicula.

429 3106 480 3162 Ad
494 3106 598 3164 salutis
611 3114 642 3165 et
655 3127 709 3164 nos
722 3127 790 3164 vere

430 3187 556 3246 Portum
569 3190 648 3246 tanti
663 3189 761 3245 Patris
775 3208 860 3263 prece

470 3269 581 3326 Christi
596 3271 685 3326 ducat
699 3268 860 3327 clementia.

165 3395 366 3471 Ilonnpelinm.
410 3397 510 3454 Homo
524 3399 645 3473 quidam
658 3399 795 3460 nobilia†

167 3489 362 3564 Offertordnm.
405 3490 533 3548 Veritas

165 3582 288 3642 Secreta.

166 3664 302 3734 Munera,
319 3666 455 3738 Domine,
473 3666 572 3724 oblata
592 3667 752 3738 sanctifica,
767 3674 798 3725 et
822 3667 1023 3724 intercedente
1043 3667 1128 3723 beato
1154 3666 1304 3726 Willelmo

104 3745 267 3802 confessore
290 3752 343 3802 tuo
366 3753 455 3823 atque
482 3749 629 3824 pontifice,
655 3768 709 3805 nos
732 3769 785 3825 per
808 3748 870 3805 haec
893 3767 912 3804 a
936 3753 1122 3824 peccatorum
1137 3753 1304 3804 nostrorum

104 3827 227 3883 maculis
241 3826 376 3884 emunda.
419 3828 478 3886 Per
495 3829 667 3885 Dominum.

166 3919 347 3978 Oornnnnnio
391 3921 501 3979 Beatus
514 3941 623 3980 servus.

166 4013 405 4070 Postcomnaunic

166 4093 317 4169 Supplices
339 4100 369 4150 tc
391 4114 536 4170 rogamus,
552 4095 738 4171 omnipotens
752 4094 842 4164 Deua,
857 4098 892 4148 ut
914 4111 987 4168 quos
1009 4091 1070 4147 tuis
1092 4092 1187 4149 reficis
1209 4113 1302 4153 sacra-

104 4175 219 4243 mentis,
233 4175 433 4231 intercedente
447 4177 534 4233 beato
552 4175 707 4233 Willelmo
726 4175 889 4232 confessore
909 4180 962 4228 tuo
981 4179 1069 4245 atque
1084 4173 1230 4247 pontifice,
1246 4176 1304 4234 tibi

104 4255 194 4312 etiam
207 4255 324 4332 placitis
338 4256 468 4312 moribus
482 4256 640 4332 dignanter
653 4256 767 4312 tribuas
781 4254 935 4310 deservire.
979 4251 1045 4308 Per.

163 4409 229 4454 *aa
239 4408 489 4466 nasoniano.
521 4407 696 4454 aea-auem.

161 4482 173 4540 †
188 4481 251 4526 Noto
266 4495 297 4524 on
312 4480 419 4537 margin:
435 4481 488 4526 MS.
500 4479 607 4525 A‚-ffic
615 4494 660 4524 raon
670 4479 754 4524 dicitnr
765 4477 849 4533 Credo,
861 4473 906 4519 nin
916 4475 941 4520 in
950 4468 1042 4523 manici
1052 4479 1146 4525 eeclesia
1156 4489 1177 4526 et
1185 4483 1211 4528 in
1221 4484 1302 4531 Domi*

103 4539 155 4585 anon
164 4539 306 4600 contingenti.
