2946 5002
595 335 691 400 Festa
711 333 901 400 Februarii.

216 503 345 560 Gradate.
390 503 513 560 Diffusa.

213 583 355 659 Alleluya
406 583 559 660 [Specie
572 589 632 641 tua.

211 663 409 739 Erarrqetiam.
453 664 555 722 Simile
570 670 614 722 est
627 683 751 740 regnum
766 663 901 721 caelorum
917 663 1015 721 decem
1029 662 1203 742 virginibus.

213 743 400 818 Offertoriarn.
445 744 622 817 Offerentur,
639 744 745 802 rainae.

212 826 389 886 Communia.
434 826 572 902 Quinque
586 826 753 902 prudentes.

308 991 347 1047 Iu
367 990 612 1048 Poarrrcanonn
633 1007 737 1047 amsa
759 991 886 1048 Marum
931 991 981 1069 (iv.
1004 992 1081 1050 Non.
1100 990 1184 1071 Feb.)

609 1122 775 1180 Benedictio
788 1122 881 1198 [pete

208 1233 261 1315 [In
284 1235 496 1311 Para'ficatione
520 1236 606 1294 dentre
626 1236 734 1293 Maria
755 1245 822 1311 post
846 1235 981 1293 Pretiosa
998 1247 1140 1312 prasente
1165 1237 1257 1296 Orace
1280 1259 1348 1298 cam

153 1316 327 1390 ceroferariis
340 1326 366 1374 et
377 1317 523 1374 tltnribalo
534 1317 722 1392 impendatur
732 1317 886 1374 benedictio
897 1337 917 1373 a
928 1316 1077 1375 Sacerdote
1083 1317 1212 1392 faciente
1223 1320 1347 1393 officiant

152 1397 181 1453 ia
193 1397 260 1454 adra
279 1396 365 1473 Cape
385 1397 491 1456 indata
512 1418 576 1455 cana
590 1398 659 1454 aliis
671 1398 852 1455 inclamantis
865 1398 1098 1455 sacerdotalibus.
1140 1398 1182 1456 Et
1196 1403 1256 1474 fiat
1270 1401 1347 1459 bene·
1452 1401 1454 1406 ’

151 1478 234 1535 dictio
261 1478 297 1534 in
322 1478 465 1552 pradibas
491 1479 599 1536 rammi
622 1479 736 1536 Altaria
759 1480 800 1535 ad
820 1487 956 1536 {castrant
981 1499 1131 1536 conversas
1157 1480 1209 1539 doc
1236 1483 1345 1540 ordine.

149 1559 304 1616 Ponantar
318 1561 453 1617 carbones
466 1560 500 1616 in
514 1559 669 1630 thuribulo,
685 1569 711 1616 et
724 1559 768 1616 ita
783 1559 1103 1617 benedicantur-MS.
1120 1558 1172 1641 D.]

206 1640 355 1697 Dominus
368 1641 527 1697 vobiscum.
571 1640 704 1696 Oremus.

207 1721 319 1778 Oratio.

205 1802 344 1867 Domine,
362 1801 468 1859 Sancte
482 1801 580 1873 Pater,
604 1801 790 1876 omnipotens
812 1808 921 1859 aeterne
943 1801 1025 1858 Deus
1037 1821 1045 1873 ;
1075 1800 1294 1882 beneffidieere,
1317 1811 1348 1862 et

146 1880 368 1962 sancti>1<ficare
391 1882 519 1958 digneris
541 1883 640 1957 ignem
664 1883 764 1953 istum,
779 1902 867 1957 quem
890 1902 943 1939 nos
966 1882 1082 1957 indigni
1100 1884 1275 1959 suscipimus
1295 1905 1349 1960 per

145 1964 363 2021 invocationem
379 1963 539 2038 Unigeniti
552 1963 624 2019 Filii
637 1963 684 2019 tui
697 1963 821 2019 Domini
834 1963 929 2019 nostri
943 1963 1017 2020 desu
1027 1962 1147 2033 Christi,
1160 1984 1247 2040 quem
1261 1966 1348 2023 hodie

145 2049 356 2120 praesentatum
380 2044 413 2100 in
437 2044 548 2120 templo
568 2044 684 2118 justum
707 2043 875 2100 Simeonem
899 2043 951 2100 diu
974 2049 1180 2119 expectantem
1205 2045 1238 2101 in
1262 2045 1347 2103 ulnas

144 2125 304 2201 suscepisse
324 2125 470 2196 novimus,
486 2131 517 2181 et
540 2125 668 2180 salutare
692 2130 779 2182 tuum
804 2129 873 2180 ante
899 2124 1003 2180 faciem
1024 2125 1157 2180 omnium
1170 2125 1347 2201 populorum

144 2225 205 2263 esse
227 2207 329 2262 lumen
356 2205 467 2262 scilicet
493 2205 630 2282 gentibus
655 2210 685 2262 et
709 2204 833 2280 gloriam
856 2204 938 2280 plebi
965 2211 1024 2261 tuae
1052 2205 1154 2278 Israel,
1176 2207 1353 2282 prophetico

143 2287 251 2362 spiritu
266 2286 406 2343 docuisse.
442 2286 491 2359 Te,
504 2305 679 2362 quaesumus,
692 2286 828 2357 Domine,
840 2292 876 2342 ut
886 2283 1095 2365 beneffldicere
1105 2287 1234 2362 digneris
1245 2287 1346 2345 lumen

143 2366 234 2437 istud,
249 2374 279 2424 et
293 2367 431 2423 omnibus
454 2366 509 2424 hoc
532 2387 622 2423 manu
647 2367 831 2443 gestantibus
855 2386 960 2423 verum
981 2367 1081 2424 lumen
1105 2372 1164 2424 tuse
1185 2369 1347 2444 majestatis

143 2447 277 2519 concede,
292 2453 328 2504 ut
342 2453 372 2504 te
390 2453 578 2523 agnoscentes
598 2467 651 2523 per
670 2448 748 2504 viam
767 2448 916 2503 virtutum
938 2447 975 2504 ad
993 2454 1023 2504 te
1041 2447 1160 2506 valeant
1179 2450 1341 2526 pervenire.

142 2528 203 2586 Per
216 2528 350 2586 eundem.

566 2645 730 2703 Benedictio
755 2644 917 2704 Cereorarn.

203 2805 368 2888 [Dicaaterr
383 2807 534 2865 Orationes
554 2815 698 2882 sequentes
712 2807 773 2864 sine
787 2806 934 2865 Dominus
948 2805 1105 2863 vobiscum.
1149 2805 1207 2864 Sed
1228 2815 1343 2865 tardam

141 2909 210 2947 carn
224 2888 467 2947 Oramus—MS.
484 2885 536 2968 D.]

203 2969 332 3027 Domine
354 2969 428 3026 Jesu
443 2969 567 3036 Christe,
581 2968 634 3043 qui
652 2968 802 3025 illuminas
819 2987 935 3024 omnem
954 2966 1104 3024 hominem
1122 2967 1291 3025 venientem
1308 2970 1341 3026 in

138 3051 221 3108 hunc
246 3050 400 3122 mundum,
429 3049 546 3106 effunde
570 3048 844 3130 beneffldictionem
871 3054 956 3104 tuam
990 3067 1077 3124 super
1104 3048 1157 3105 hos
1185 3069 1290 3119 cereos,
1311 3058 1342 3107 et

139 3129 332 3210 sanctififflce
355 3150 403 3187 eos
427 3130 539 3186 lumine
562 3130 664 3204 gratiss
678 3137 758 3202 tuae;
779 3137 809 3187 et
827 3128 950 3185 concede
967 3129 1112 3204 propitius
1128 3136 1164 3186 ut
1184 3130 1260 3187 sicut
1278 3131 1341 3189 haec

138 3212 301 3269 luminaria
321 3211 433 3267 visibili
454 3211 522 3287 igne
544 3230 664 3267 accensa
688 3217 846 3267 nocturnas
870 3209 1023 3285 depellunt
1036 3211 1181 3283 tenebras,
1196 3211 1240 3268 ita
1254 3212 1340 3269 corda

137 3301 242 3350 nostra
264 3291 409 3349 invisibili
421 3292 496 3368 igne,
511 3291 542 3347 id
556 3296 601 3348 est
623 3291 724 3348 Sancti
738 3291 866 3367 Spiritus
880 3290 1041 3365 splendore,
1056 3291 1195 3362 illustres
1210 3300 1244 3348 ut
1259 3294 1340 3348 omni

138 3373 283 3431 vitiorum
303 3373 432 3430 caecitete
454 3379 581 3444 careant,
603 3378 634 3429 et
656 3378 782 3448 purgato
806 3371 913 3427 mentis
934 3371 1017 3427 oculo
1040 3391 1074 3428 ea
1094 3391 1211 3429 eernere
1226 3392 1340 3448 semper

137 3455 292 3530 possimne,
318 3473 383 3528 quae
407 3453 463 3510 tibi
487 3459 558 3510 sunt
581 3453 690 3528 placita
710 3459 740 3509 et
760 3459 867 3509 nostrae
892 3451 983 3508 saluti
1007 3452 1102 3525 utilia,
1125 3454 1266 3529 quatinus
1286 3473 1339 3529 per

138 3534 228 3611 hujus
252 3534 352 3591 saeculi
379 3533 537 3609 caliginosa
558 3533 728 3591 discrimina
751 3534 788 3591 ad
812 3533 907 3589 lucem
934 3532 1151 3590 indeficientem
1185 3534 1338 3609 pervenire

137 3635 312 3673 mereamur.
366 3614 424 3671 Per
443 3621 482 3684 te,
507 3614 529 3671 J
531 3633 582 3672 esu
603 3614 729 3687 Christe,
756 3614 891 3690 quicum
916 3613 1006 3670 Patre
1031 3621 1060 3670 et
1096 3614 1210 3691 Spiritu
1229 3615 1337 3672 Sancto

136 3697 215 3754 vivis
229 3702 260 3753 et
274 3715 378 3772 regnas
392 3696 483 3766 Deus,
497 3715 549 3771 per
563 3695 662 3752 omnia
675 3695 781 3753 saecula
795 3694 975 3753 saeculorum.
1018 3695 1125 3751 Amen.

197 3777 332 3834 Oremus.
375 3775 483 3834 Oratio.

196 3857 281 3915 Deus
302 3855 476 3913 invisibilis*
501 3865 531 3912 et
551 3856 767 3912 inaestimabilis
789 3855 936 3932 potentiae,
960 3857 1043 3931 eujus
1064 3855 1246 3931 Unigenitus
1268 3876 1335 3914 cum

136 3945 238 3997 nostra
250 3937 437 3994 humanitate
445 3935 586 3994 hodierna
595 3938 642 3994 die
653 3944 698 3994 est
708 3958 726 3993 a
736 3943 829 3994 matre
839 3937 872 3992 in
883 3937 992 4013 templo
1003 3942 1204 4013 praesentatus,
1219 3936 1335 4018 beneq<

136 4020 231 4078 dicere
259 4025 290 4075 et
318 4015 539 4096 sanctisldcare
567 4017 688 4093 dignare
715 4017 768 4075 has
795 4017 929 4075 candelas
956 4018 988 4073 in
1013 4017 1122 4088 honore
1142 4016 1270 4074 nominis
1287 4020 1334 4076 tui

137 4100 257 4172 oblatas,
269 4106 300 4156 et
311 4098 435 4155 concedo
444 4118 497 4175 per
505 4098 743 4173 gloriosissimam
752 4098 989 4156 intercessionem
998 4097 1104 4153 Sancte
1114 4096 1173 4153 Dei
1179 4099 1336 4172 genetricis

136 4180 240 4238 Mariae
255 4188 286 4238 et
300 4179 433 4236 omnium
457 4186 633 4250 sanctorum,
656 4185 691 4235 ut
712 4179 879 4255 quicunque
901 4179 963 4236 haec
985 4177 1143 4234 lumina1ia
1156 4197 1210 4253 pro
1223 4178 1334 4238 honore

136 4261 207 4318 Filii
230 4262 277 4319 tui
297 4258 423 4317 Domini
445 4260 540 4316 nostri
561 4259 636 4316 Jesu
661 4259 775 4316 Christi
801 4259 938 4316 manibus
961 4257 1149 4334 gestaverint,
1178 4261 1334 4335 temporali

136 4343 288 4418 potiantur
317 4339 475 4416 sospitate3
514 4346 543 4397 et
574 4339 743 4416 ubicunque
778 4340 903 4397 istorum
935 4339 1054 4396 flamma
1087 4338 1177 4396 fuerit
1214 4359 1334 4399 accensa

568 4481 581 4504 ⁵
597 4479 650 4525 MS.
663 4479 866 4526 G-universalis

191 4561 258 4604 7012.
273 4560 310 4602 11.
719 4556 735 4595 c
