2946 5002
529 360 715 448 Sequentia
737 360 944 428 Catamaaee.

484 527 581 605 Virga
593 528 711 603 signum
723 527 865 604 spiritale,

486 609 597 666 Mundi
610 628 680 665 vera
693 608 781 681 salus,
796 608 870 681 vele,

486 689 574 747 Inter
585 689 668 765 ligne
680 689 798 746 nullum
811 689 872 747 tale

526 770 651 839 Fronde,
666 770 746 842 flore,
760 770 898 846 germine.

486 857 636 916 Medicina
650 858 827 930 Christiana,

486 937 575 996 Salva
588 959 683 1012 sanos,
698 959 789 1016 aegros
802 958 882 1013 sana,

487 1018 573 1088 Quod
586 1040 648 1078 non
661 1020 741 1078 valet
754 1020 801 1078 vis
813 1020 944 1079 humana

526 1100 579 1158 Fit
591 1101 625 1157 in
638 1107 691 1159 tuo
704 1102 832 1160 nomine.

485 1191 668 1251 Assistentes
681 1194 785 1250 metris
798 1191 890 1267 laudi,

485 1272 562 1330 «lesu
574 1273 630 1349 pie,
645 1292 700 1330 nos
712 1273 830 1347 exaudi,

486 1353 591 1429 Atque
605 1373 704 1411 servos
717 1359 776 1411 tuae
790 1354 894 1412 matris

484 1432 558 1491 Post
571 1434 647 1491 hano
660 1435 753 1492 vitam
768 1434 828 1492 Dei
841 1434 942 1493 Patris

524 1514 663 1572 Transfer
676 1515 714 1572 ed
728 1515 846 1591 palatia.

484 1605 526 1663 Et
539 1625 613 1682 quos
626 1607 716 1663 matri
729 1607 774 1664 vis
788 1607 906 1681 servire,

484 1686 544 1744 Fae
558 1694 707 1744 tormenta
719 1707 779 1744 non
793 1689 921 1762 sentir03

484 1767 543 1825 Sed
557 1787 624 1825 oum
638 1768 699 1824 dies
713 1768 771 1825 erit
784 1767 845 1840 irae,

484 1847 580 1906 Nobis
595 1849 696 1906 confer
709 1854 740 1906 et
753 1848 862 1925 largire

524 1928 711 2005 Sempiterna
724 1930 852 2006 praemia.

197 2061 239 2121 Ia
260 2061 524 2122 commoratione
547 2063 642 2121 saneti
671 2063 804 2122 witelmi
826 2062 966 2122 dieantur
992 2062 1056 2120 e'eta
1082 2061 1150 2120 doe
1176 2059 1337 2137 Sequentia

137 2143 325 2204 altmatim:
345 2143 494 2221 Sospitate
514 2145 630 2202 morbos
643 2153 669 2202 et
682 2145 765 2202 Voto
781 2163 861 2219 vooe,
876 2144 990 2221 require
1002 2143 1057 2203 ttae
1069 2141 1241 2220 Sequentias
1253 2142 1338 2217 infra

139 2223 262 2284 Oetaeae
274 2224 408 2302 eoadem.

197 2320 238 2380 Ia
259 2321 523 2381 aonaaeawratioae
546 2321 741 2396 optatam
760 2321 844 2380 Petri
864 2331 890 2380 et
913 2321 1007 2380 Paeti
1025 2320 1167 2380 dieantur
1186 2320 1249 2378 ista
1269 2319 1335 2378 duo

134 2401 295 2479 Sequentia
307 2403 475 2462 altentatim
484 2426 494 2462 :
514 2402 554 2459 In
567 2403 703 2460 sollemni
716 2403 874 2476 memoria;
894 2403 957 2461 alia
969 2402 1134 2478 Sequentia,
1149 2400 1217 2459 Hae
1230 2401 1263 2457 in
1276 2400 1333 2473 die,

134 2483 249 2559 require
261 2484 296 2542 ia
308 2482 471 2560 Sequetttiie
483 2483 687 2560 apoatolotam.

197 2575 251 2660 [Ia
261 2578 358 2638 Missa
375 2579 571 2655 Spmesatiam.
613 2577 778 2654 Sequentia,
800 2578 892 2637 Alma
911 2578 1018 2638 chorus
1038 2577 1170 2651 Domini,
1186 2598 1281 2654 quare
1299 2578 1333 2635 in

135 2660 264 2720 sectanda
276 2659 367 2719 Faria
379 2659 670 2720 Pentecosten—MS.
688 2657 735 2740 0.]

196 2756 300 2818 Satteti
312 2756 461 2816 Jottaaaie
473 2766 541 2815 aate
549 2765 670 2834 portata
683 2757 832 2814 Latinam.
864 2755 1040 2834 Sequentia.

337 2864 434 2940 Virgo
447 2869 542 2921 mater
554 2863 721 2940 gmtuletur
733 2863 766 2921 in
779 2863 849 2921 orbe
863 2863 1023 2937 catholiea,

337 2944 414 3022 Regi
427 2964 530 3021 regum
543 2950 653 3021 pangat
666 2945 757 3002 melos
770 2964 848 3003 nova
860 2964 998 3022 promens
1011 2945 1142 3005 cantiae:

419 3025 498 3082 Laus
512 3024 557 3082 illi
571 3033 601 3083 et
614 3025 713 3101 gloria.

336 3105 358 3164 J
359 3105 484 3163 ohannis
497 3106 695 3182 Evangelistae
708 3105 845 3182 praeoelsa
858 3105 1041 3164 sollemnitas

337 3186 438 3244 Hodie
451 3206 505 3262 per
517 3193 615 3243 totum
628 3187 773 3243 mundum
786 3187 888 3244 leudes
901 3187 990 3245 habet
1004 3187 1119 3246 debitas

420 3267 461 3324 Et
473 3266 595 3324 laudum
608 3267 753 3343 praeconia
764 3287 773 3338 ;

339 3347 399 3417 Qui
412 3354 535 3406 vocatus
547 3354 662 3423 patrem
675 3348 788 3423 sprevit
801 3353 831 3405 et
845 3366 951 3405 navem
964 3353 996 3406 et
1008 3348 1092 3420 retia,

338 3428 545 3506 Redemptoris
559 3448 660 3486 vocem
673 3447 797 3504 sequens
810 3433 841 3486 et
853 3434 920 3505 post
932 3448 1034 3487 vocem
1047 3429 1171 3506 vestigia
1182 3447 1190 3499 3

420 3509 446 3568 Ο
460 3515 573 3586 quanta
585 3509 700 3566 fiducia.

338 3589 378 3647 In
390 3596 491 3647 monte
504 3590 707 3666 transfigurati
719 3589 797 3647 vidit
810 3589 957 3648 mirabilia
964 3610 974 3666 3

338 3669 378 3727 In
390 3690 462 3728 cena
475 3677 585 3728 secreta
599 3672 657 3728 Dei
670 3671 757 3730 discit
770 3671 925 3746 sublimia,

421 3751 447 3809 Ο
462 3758 574 3828 quanta
588 3753 741 3829 magnalia

339 3831 379 3889 In
392 3851 476 3890 cruce
489 3833 562 3889 dum
575 3840 725 3909 pateretur
738 3852 792 3890 rex
805 3833 909 3890 mortis
922 3831 1074 3909 supplicia,

337 3912 496 3990 Virginem
509 3913 593 3989 virgo
607 3914 779 3971 servandam
793 3914 920 3991 sumpsit
932 3913 965 3972 in
978 3911 1111 3972 custodia
1118 3931 1128 3986 ;

420 3993 446 4051 Ο
461 3999 573 4069 quanta
586 3995 736 4070 pudicitie.

339 4072 412 4131 Post
425 4073 654 4148 assumptionem
668 4075 730 4151 ejas
743 4074 781 4132 ad
795 4088 952 4151 supernam
964 4071 1078 4132 curiam

339 4153 451 4212 Beatus
464 4154 645 4230 evangelista
658 4155 792 4212 mittitur
805 4155 843 4212 ad
856 4154 972 4228 Asiam,

420 4235 541 4293 Summa
555 4235 747 4310 providentia.

340 4315 432 4374 Hune
444 4322 515 4374 ante
529 4321 645 4390 portam
660 4315 799 4372 Latinam
812 4314 850 4373 ad
863 4314 968 4372 Romae
982 4314 1147 4394 speetaoula

341 4395 448 4454 Oleum
460 4397 577 4454 fervens
590 4415 650 4453 non
664 4396 758 4454 laesit:
779 4413 867 4472 quam
880 4394 1004 4472 pulchra
1016 4395 1158 4455 miracula

420 4477 462 4536 Et
475 4477 554 4536 clera
566 4476 699 4535 victoria.
