2946 5002
132 320 195 385 162
348 319 461 386 Mose
476 319 516 386 de
532 319 850 386 Oomntencoretione
865 319 963 385 beate
977 319 1110 386 Murice.

193 483 285 561 Infra
314 486 562 563 Septaepesiocom
590 487 710 545 dicotur
743 487 878 559 Tractus,
901 486 1006 544 Gaude
1036 486 1145 560 Maria,
1170 495 1197 546 et
1236 495 1327 547 cetere

134 573 169 623 nt
181 565 216 624 in
230 565 506 626 Cornmemoratiooe
520 569 606 626 beate
620 568 730 624 Marios
744 567 778 624 ia
791 568 961 626 Pentecoste.

195 646 364 707 Secundum
377 648 490 706 Lacona
507 651 526 724 (
527 649 571 706 iii.
589 650 712 723 33-35).

196 728 236 785 In
250 728 301 786 illo
315 735 456 806 tempore,
472 729 568 786 Erant
587 729 609 787 J
611 729 701 805 oseph
722 736 753 786 et
773 728 874 786 Maria
894 736 991 786 mater
1011 749 1103 804 amque
1123 730 1165 787 od
1179 749 1218 787 ex
1231 729 1333 788 multis

135 807 271 866 cordibus
285 811 485 886 cogitationes.

198 888 390 964 Offertorinoa
434 889 521 948 Felix
534 909 662 967 namque
675 908 714 948 es.

196 969 317 1030 Secreta.

196 1050 374 1109 Muneribus
394 1050 512 1122 nostris,
534 1069 710 1143 quaesumus,
734 1050 873 1122 Domine,
901 1051 1098 1129 precibusque
1125 1051 1278 1129 susceptis,
1305 1059 1336 1110 et

134 1131 298 1190 celestibus
321 1150 375 1190 nos
398 1132 510 1189 munda
536 1131 692 1208 mysterius,
716 1137 747 1187 et
769 1132 969 1190 intercedente
992 1134 1079 1192 beata
1106 1133 1166 1242 Dei
1188 1134 1335 1212 genetrice

135 1211 242 1283 Maria,
258 1212 416 1270 clementer
428 1211 543 1270 exaudi
587 1212 646 1269 Per
658 1211 795 1272 eundem.

197 1291 379 1352 Onomante.

196 1373 289 1430 Alma
313 1373 371 1430 Dei
391 1372 529 1449 genetrix
543 1392 678 1431 succurre
695 1374 882 1448 precantibus
903 1375 1038 1433 cunctis.
1061 1394 1115 1433 nos
1138 1395 1257 1452 quoque
1277 1395 1336 1432 una

136 1472 290 1530 precemur
311 1453 464 1530 supplices,
480 1459 516 1511 ut
533 1453 595 1511 tuis
615 1453 751 1531 precibus
772 1455 870 1530 adjuti
888 1455 1043 1514 laudemus
1065 1456 1254 1529 Trinitatem,
1269 1455 1336 1543 alle

136 1533 214 1611 luya

84 1611 87 1617 ’
198 1615 440 1674 Poctcommecnio.

197 1695 272 1754 Haeo
292 1715 346 1754 nos
356 1693 531 1768 communio,
548 1694 685 1768 Domine,
700 1702 806 1773 purget
820 1716 838 1753 a
851 1696 982 1770 crimine,
998 1696 1244 1757 et'intercedente
1252 1698 1339 1757 beata

138 1775 197 1834 Dei
209 1777 356 1855 genetrice
369 1776 477 1848 Maria,
491 1776 614 1835 caelestis
627 1775 751 1834 remedii
763 1777 852 1835 faciat
865 1797 927 1836 esse
937 1785 1092 1839 consortes.
1113 1778 1181 1837 'Per
1194 1780 1329 1840 eundem.

433 1983 485 2040 Dr
505 1981 636 2040 Domus
656 1997 692 2038 uu
712 1997 853 2040 rrnrocn
874 1980 1041 2041 Psscnmr.

201 2096 342 2172 Officium.
386 2095 474 2154 Salve
488 2101 589 2154 sancta
603 2113 715 2173 parens.

202 2177 312 2236 Oratio.

201 2257 301 2321 Prosit
329 2258 414 2315 nobis
442 2277 564 2333 semper,
593 2255 780 2333 omnipotens
808 2257 906 2330 Pater,
935 2264 966 2314 et
998 2257 1144 2335 praecipue
1172 2256 1253 2316 inter
1280 2256 1341 2315 hec

140 2338 295 2397 Paschalia
309 2338 380 2395 Filii
398 2338 445 2395 tui
466 2337 620 2396 sollemnia
636 2337 808 2395 continuate
822 2338 881 2395 Dei
893 2339 1050 2414 genetricis
1064 2338 1169 2397 Mariae
1190 2337 1341 2410 memoria,

140 2440 206 2497 quae
220 2426 251 2478 et
274 2419 373 2477 astitit
387 2419 543 2476 vulnerata
566 2418 689 2476 caritate
710 2419 743 2475 in
765 2438 849 2476 cruce
870 2418 1022 2495 pendenti,
1043 2425 1074 2476 et
1093 2423 1173 2477 astat
1191 2439 1211 2477 a
1228 2419 1342 2477 dextris

140 2501 242 2578 regina
252 2500 285 2556 in
299 2500 368 2557 caelo
382 2499 527 2575 regnanti.
571 2499 629 2556 Per
643 2499 777 2556 eundem.

200 2581 297 2640 Lectio
310 2581 466 2639 Ezechielis
478 2580 628 2655 Prophetae
643 2579 729 2655 (xliv.
748 2579 824 2657 1-3).

203 2661 243 2720 In
256 2661 359 2720 diebu·
373 2662 450 2736 illus,
467 2661 609 2719 Converti
622 2680 669 2718 me
689 2661 727 2718 ad
747 2661 828 2718 viam
848 2666 940 2736 portae
960 2681 1051 2737 usque
1065 2663 1106 2720 nd
1119 2680 1172 2738 per
1185 2661 1266 2719 viam
1280 2662 1343 2737 ejus

140 2761 159 2802 e
193 2742 316 2799 edietur.

158 2761 193 2819 gr
203 2821 351 2897 Alleluya.
401 2821 429 2880 V.
452 2822 548 2898 Virga
560 2822 582 2879 J
584 2840 644 2878 esse
665 2821 773 2893 floruit,
789 2822 872 2898 virgo
895 2822 994 2880 Deum
1008 2827 1039 2880 et
1058 2823 1208 2881 hominem
1221 2822 1344 2899 genuit:

142 2921 245 2980 pacem
259 2902 341 2959 Deus
355 2901 493 2972 reddidit,
508 2903 541 2959 in
555 2922 586 2959 se
600 2901 790 2959 reconcilians
804 2902 865 2959 ima
878 2905 1009 2961 summis.

204 2982 353 3058 Alleluya.
403 2982 431 3041 V.
448 2981 587 3040 Surrexit
600 2981 754 3054 Dominus,
771 2989 801 3040 et
815 3002 970 3041 occurrens
979 2984 1152 3042 mulieribus
1160 2984 1213 3057 ait,
1225 2985 1345 3043 Arete:

144 3071 218 3122 tuno
230 3071 414 3121 accesserunt
427 3070 458 3121 et
472 3069 635 3121 tenuerunt
647 3063 735 3140 pedes
746 3063 818 3139 ejus.

205 3143 298 3221 Infra
314 3144 624 3203 OctcooaAacensionis
636 3145 796 3202 accendant
808 3144 956 3222 Alleluya.
1006 3145 1035 3204 V.
1057 3146 1204 3204 Ascendit
1217 3145 1300 3204 Deus
1313 3144 1346 3202 in

140 3225 337 3304 jubilatione:
359 3232 390 3283 et
404 3225 550 3283 Dominus
563 3226 596 3283 in
609 3245 680 3282 voce
693 3226 780 3283 tubae.

206 3305 298 3383 Infra
313 3305 435 3365 Octavus
447 3308 623 3365 Pentecosten
640 3307 800 3364 secundam
821 3306 970 3382 Alleluya.
1019 3306 1049 3364 V.
1073 3307 1188 3366 Emitte
1208 3306 1348 3385 spiritum

148 3395 245 3459 tuum,
261 3393 292 3446 et
306 3388 502 3445 creabuntur:
524 3394 555 3445 et
568 3388 722 3446 renovabir
736 3387 842 3445 faciem
855 3393 948 3446 terrae.

207 3468 371 3543 Sequentia.
414 3468 535 3546 Virgini
549 3468 661 3528 Mariae.

208 3549 280 3607 Atta
293 3548 456 3624 Sequentia.
500 3549 606 3606 Stabat
615 3550 714 3624 juxta.
876 3599 878 3603 .

208 3629 281 3688 Atta
294 3628 457 3704 Sequentia.
500 3629 616 3687 Laudes
630 3629 758 3702 Christo,
773 3639 808 3686 at
821 3629 856 3686 in
870 3628 1035 3688 Communi.

208 3711 376 3770 Secundum
390 3710 556 3772 Joltennem
569 3710 645 3787 (cicc.
663 3710 778 3788 25-27).

209 3793 249 3850 111
262 3791 465 3869 illotempore,
480 3789 607 3851 Stabant
626 3791 717 3866 juxta
740 3809 856 3849 crucem
869 3790 944 3850 Jesu
962 3812 1053 3868 osque
1073 3793 1114 3850 od
1134 3792 1297 3870 discipulus
1317 3793 1350 3850 in

150 3895 209 3936 sua.
1039 3901 1042 3906 ·

213 3954 408 4030 Offertoriam.

211 4037 326 4114 Regina
340 4035 403 4093 caeli
416 4035 525 4105 laetare,
541 4033 687 4109 elleluya;
707 4033 778 4109 quia
798 4053 885 4110 quem
906 4035 1040 4093 meruisti
1061 4040 1187 4112 portare,
1202 4035 1350 4113 alleluya;

151 4119 322 4187 resurrexit,
337 4117 414 4175 sicut
427 4115 513 4182 dixit,
527 4114 672 4192 alleluya;
692 4134 744 4173 ora
756 4134 809 4190 pro
822 4114 908 4173 nobis
921 4115 1028 4189 Deum,
1043 4115 1178 4192 alleluya.

212 4200 333 4258 Secreto.

213 4278 380 4356 Propitiare
394 4277 487 4348 nobis,
503 4277 639 4348 Domine,
655 4295 831 4352 quaesumus,
846 4277 928 4334 illius
941 4277 1025 4354 Agni
1039 4276 1190 4335 Paschalis
1204 4279 1353 4338 oblatione

153 4361 355 4452 acceptissima
374 4377 441 4415 cum
460 4359 552 4416 beatae
573 4357 632 4414 Dei
652 4357 805 4433 genitricis
824 4357 929 4415 Mariae
948 4357 999 4435 pia
1019 4357 1250 4433 interventione,
1266 4381 1353 4438 quem

153 4441 218 4517 ipsa
229 4438 335 4518 genuit
348 4444 491 4515 perpetua
504 4437 684 4516 virginitate
728 4437 788 4508 Qui
802 4445 908 4498 tecum.
