2946 5002
678 357 798 422 Prosae.
1276 359 1340 422 289

142 523 203 581 Hic
220 523 256 582 de
277 523 426 581 adoranda
449 523 569 582 Deitate
588 524 717 601 plurima
734 524 903 600 ipseatque
925 523 961 582 de
979 523 1165 580 humanitate
1186 523 1342 598 scripserat

221 605 304 661 omni
316 605 428 662 mundo
442 604 572 663 salubria
582 625 590 677 ;

141 686 211 760 Ipse
229 692 260 742 et
281 687 450 743 defunctam
471 686 615 744 excitavit
633 685 763 758 viduam,
783 686 845 762 ipse
867 692 897 743 et
916 685 1033 762 lapillos
1054 684 1189 742 claritate
1210 703 1343 759 gemmea

221 767 348 843 compsit
360 767 458 843 virgas
472 772 503 824 et
516 786 627 825 aureas.

142 845 215 904 Post
227 853 313 905 tanta
325 848 398 905 talia
411 841 544 924 pereum
557 853 676 924 patrata
689 847 803 904 Christi
816 847 972 924 magnalia,

142 927 348 1004 Nouagenaria
363 948 479 986 novena
491 928 593 986 addita
605 934 755 985 transacta
763 929 827 1003 jam
841 929 914 998 vita,

143 1008 279 1066 Salvator
292 1028 439 1066 asumma
452 1009 630 1067 descendens
643 1010 740 1084 patria
753 1009 895 1066 dilectum
908 1009 946 1065 ad
959 1028 1050 1084 regna
1063 1015 1150 1065 vocat
1163 1027 1253 1065 aurea

144 1088 186 1145 Et
198 1090 358 1166 apostolica
371 1083 413 1146 ad'
423 1091 560 1148 convivia
573 1091 606 1147 in
619 1091 716 1166 patria
729 1090 871 1166 angelica.

144 1169 216 1242 Nos,
231 1170 394 1244 lohannes,
408 1171 527 1246 adjuva,
541 1176 577 1228 ut
590 1171 691 1228 eadem
705 1172 885 1248 sempiterna

144 1250 366 1327 consequamur
375 1252 491 1328 gaudia.

708 1451 783 1508 XV.

339 1590 414 1650 Item
434 1591 529 1648 Proao
548 1607 589 1648 na
610 1605 723 1647 saucro
743 1591 902 1659 ,10111111
925 1605 1142 1646 nvauouniera

206 1705 356 1781 Alleluya.

148 1796 317 1855 Onoau1c1s
331 1813 465 1856 nonnus
480 1797 783 1855 caumusJouaums
794 1793 1255 1871 101111111111φ1·α(νο].ίί.ρ.
1264 1792 1344 1869 202).

697 2064 790 2128 XVI.

581 2210 644 2289 (Da
664 2209 918 2287 quocaurmua)

208 2340 258 2397 Ad
270 2337 428 2414 Sequentia
440 2339 662 2397 Innocentibus

210 2420 359 2495 Alleluya.

149 2517 239 2576 Puas
252 2518 348 2574 Danu
362 2533 484 2580 munna
498 2533 693 2587 numerurm,

150 2598 296 2656 Innocens
311 2597 447 2655 Christus
461 2617 515 2655 sua
528 2617 617 2674 quam
631 2604 727 2655 sacrat
739 2597 866 2655 infantia

150 2679 347 2736 Parvulorum
360 2685 392 2736 et
405 2685 500 2736 morte
513 2684 679 2754 martyrum
694 2679 832 2755 pretiosa,

151 2761 231 2829 Quos
245 2760 359 2816 saevitia
374 2759 505 2816 Herodis
518 2759 588 2816 dare
602 2760 668 2817 neci
677 2761 816 2835 jusserat,

150 2841 231 2898 Dum
245 2841 419 2916 extinguere
431 2841 541 2898 nititur
553 2840 639 2897 illum
653 2840 706 2917 qui
718 2843 814 2898 vitam
827 2841 898 2899 dare
911 2847 1042 2899 venerat.
1128 2867 1131 2873 ·

150 2922 264 2979 Natum
277 2941 406 2998 namque
419 2941 517 2998 regem
530 2922 674 2993 audierat,

150 3003 244 3071 Quem
258 3003 410 3060 succedere
423 3003 481 3060 sibi
493 3022 577 3079 posse
590 3003 674 3060 inani
687 3023 796 3080 pavore
808 3003 995 3085 formidabat,
1011 3002 1082 3079 quia
1094 3021 1156 3059 non
1168 3021 1266 3078 regem
1286 3000 1352 3057 caeli

228 3089 360 3142 noverat.

150 3164 225 3221 Mox
238 3164 353 3220 invidia
365 3184 503 3221 accensus
517 3170 548 3222 et
561 3165 606 3222 ira·
618 3165 732 3222 fervida
745 3165 875 3222 infantes
888 3185 906 3222 a
918 3165 1032 3222 bimatu
1047 3168 1078 3221 et
1090 3163 1170 3220 infra

151 3244 253 3302 Occidi
275 3245 363 3319 jubet
389 3245 422 3302 in
445 3251 510 3303 tota
543 3245 671 3302 Davidis
694 3245 872 3303 Bethlehem
891 3246 1003 3322 pariter
1024 3251 1055 3302 et
1079 3246 1142 3320 ejus
1164 3262 1218 3319 per
1244 3248 1350 3299 cuncta

230 3326 363 3382 confinia.
1183 3343 1185 3346 ’

151 3405 259 3463 Statim
273 3405 403 3462 militum
417 3412 546 3483 pergunt
562 3407 680 3483 agmina
694 3427 727 3464 ac
745 3407 901 3482 tyrannica
917 3406 1066 3482 complent
1080 3406 1172 3481 jussa,
1188 3408 1351 3460 mactantes

229 3486 325 3543 millia
337 3487 550 3545 Innocentium
563 3488 642 3545 inter
655 3487 753 3545 dulcia
766 3493 896 3544 matrum
909 3488 1007 3545 ubera.

151 3567 177 3624 Ο
192 3567 338 3643 impietae,
353 3567 380 3624 0
394 3589 473 3626 saeva
485 3569 613 3625 nimium
626 3568 738 3639 lentae,
753 3570 780 3627 Ο
793 3588 946 3645 nunquam
960 3567 1063 3625 audita
1076 3565 1251 3624 crudelitas!

151 3648 290 3706 Insontes
303 3648 390 3725 culpa
402 3670 463 3708 non
477 3654 522 3707 est
535 3670 600 3727 quae
619 3650 725 3708 noxios
741 3651 832 3707 faciat
848 3650 971 3725 aliquos,
987 3655 1017 3707 et
1034 3647 1138 3705 mortis
1152 3645 1281 3704 subeunt
1294 3644 1351 3702 dis-

230 3748 365 3788 summa.

151 3809 177 3867 Ο
192 3809 306 3869 Christi
318 3809 454 3868 miranda
467 3829 582 3887 semper
594 3817 626 3868 et
638 3812 720 3869 mitis
733 3813 838 3888 gratia,

151 3891 211 3948 Pro
224 3911 255 3948 se
268 3892 362 3967 passis
374 3897 485 3949 aeterna
498 3892 604 3968 quibus
618 3899 663 3950 est
676 3892 801 3970 largitus
815 3891 947 3970 praemia!

152 3971 215 4048 Ipsi
227 3972 293 4030 laus
306 3972 347 4030 sit
359 3991 438 4029 nunc
452 3981 482 4031 et
495 3973 528 4029 in
541 3973 655 4030 saecula.

693 4189 805 4246 XVII.

453 4283 505 4341 Ad
517 4283 673 4359 Sequentia
688 4285 862 4344 Multifarie.

453 4364 603 4441 Alleluya.

373 4459 465 4518 Naro
475 4477 599 4520 oauuur
612 4478 718 4536 011111,
733 4473 768 4521 at
781 4483 873 4540 capre
893 4461 961 4539 (vol
978 4461 997 4519 i.
1013 4480 1040 4538 p.
1059 4457 1117 4538 15).

192 4573 259 4616 von.
275 4573 309 4613 u.
741 4577 763 4620 u
