2946 5002
170 415 213 482 86
631 368 730 482 Festo
750 415 914 502 Augusti.

167 580 308 655 Domine,
321 585 443 658 praestet
462 579 610 640 auxilium
629 586 666 640 ut
687 581 816 648 coelestis,
830 601 939 646 menses
959 542 1149 663 participatio
1168 604 1259 664 quam
1277 604 1377 664 sump-

166 662 259 722 simus
272 663 388 722 tribuat
401 662 530 722 ecclesiae
544 669 605 721 tuse
618 663 796 740 recensitum
809 663 957 740 laetitiam,
971 729 973 733 ,
987 724 989 729 ,
1000 664 1067 724 Per.

229 767 326 828 Tertio
339 767 388 827 die
400 766 486 843 infra
504 767 628 827 Oetaeae
641 767 728 827 teuton
739 767 859 828 Mucia.
899 766 1067 846 Sequentia.

331 873 401 932 Hac
414 873 495 932 clara
508 871 558 931 die
569 877 672 931 turma
684 871 794 932 festiva
807 872 860 933 dat
873 873 1030 952 praeconia,

331 953 464 1012 Marium
476 954 679 1032 concrepando
692 954 871 1032 symphonia
883 961 1041 1030 nectarea3

330 1035 442 1094 Mundi
456 1035 587 1095 Domina
600 1055 666 1112 quae
680 1055 711 1093 es
724 1035 797 1109 sola,
811 1035 976 1094 castissima
987 1035 1140 1116 virginum
1152 1037 1265 1117 regina,

331 1116 443 1174 Salutis
457 1135 554 1190 causa,
566 1117 639 1176 vitto
652 1121 747 1194 porta,
761 1123 852 1193 atque
865 1116 930 1176 caeli
943 1117 1053 1177 referta
1066 1119 1172 1197 gratia.

331 1197 413 1256 Nam
426 1197 465 1255 ad
477 1197 562 1256 illam
574 1202 647 1255 sunt
659 1197 768 1268 nuntia
781 1198 853 1256 olim
865 1197 945 1258 facta
958 1200 1099 1278 angelica,

330 1278 407 1352 Ave,
423 1277 531 1352 Mario,
546 1278 644 1356 gratie
658 1277 718 1337 Dei
730 1278 819 1356 plena
831 1298 885 1356 per
897 1278 1018 1354 saeculu

331 1359 497 1418 Mulierum
509 1359 560 1437 pia
573 1361 692 1436 agmina
704 1360 786 1418 intra
799 1370 914 1439 semper
926 1361 1103 1436 benedicta3

330 1440 437 1518 Virgo,
452 1446 484 1500 et
496 1441 628 1518 gravida
643 1447 739 1499 mater
750 1441 867 1501 intaeta
880 1443 963 1519 prole
975 1441 1112 1520 gloriosa

330 1520 389 1579 Oui
402 1527 507 1581 contra
520 1521 620 1581 Maria
634 1522 696 1581 haec
709 1521 809 1581 reddit
822 1521 954 1582 famina:

328 1602 370 1661 In
383 1622 431 1661 me
445 1602 593 1680 quomodo
606 1610 661 1662 tua
669 1603 734 1680 jam
747 1603 822 1676 fient
835 1604 963 1664 nuntiat

329 1681 401 1742 Viri
413 1684 486 1741 novi
498 1683 614 1741 nullam
627 1690 706 1742 certe
719 1684 855 1761 copulam
865 1705 875 1758 3

328 1763 452 1842 Exque
466 1769 556 1842 atque
570 1771 643 1822 ncta
656 1784 722 1823 sum
735 1765 917 1845 incorrupta.

328 1844 411 1904 Diva
424 1845 532 1904 missus
546 1846 591 1905 ita
604 1845 703 1905 reddit
716 1845 825 1919 affata3

329 1925 421 1985 Flatu
435 1946 518 1985 sacro
531 1926 621 2004 plena
633 1927 695 1999 fies,
710 1926 820 1994 Maria,

328 2006 418 2067 Nova
431 2008 562 2067 referens
574 2007 685 2086 gaudia
697 2027 716 2065 a
726 2007 799 2066 eaelo
812 2013 900 2067 terroe
913 2006 980 2067 nati
992 2027 1047 2086 per
1060 2008 1201 2069 exordia:

328 2089 417 2148 Intra
429 2089 478 2147 tui
490 2089 570 2148 uteri
583 2088 713 2147 claustra
725 2095 828 2166 portas
841 2090 894 2166 qui
907 2089 1056 2168 gubernat
1068 2090 1188 2164 aethera,

329 2169 439 2228 Omnia
453 2171 506 2247 qui
519 2169 572 2229 det
585 2175 722 2248 tempora
734 2169 866 2248 pacifica.

386 2409 500 2470 Sauum
522 2410 666 2483 Ausum,
688 2425 852 2470 usnnrnis.
897 2408 959 2489 (xv.
976 2408 1047 2470 KaL
1063 2407 1160 2489 Sept)

224 2542 360 2680 Idettdr
385 2621 508 2682 ecclesia
533 2626 594 2695 tue,
624 2621 717 2696 Deus,
745 2620 827 2679 beati
852 2619 981 2700 Agnpiti
1009 2621 1151 2699 martyris
1172 2619 1230 2680 tui
1264 2619 1374 2680 confisa

164 2701 322 2779 suffragiis,
337 2707 428 2780 atque
448 2703 513 2779 ejus
534 2701 671 2780 precibus
691 2702 827 2780 gloriosis
849 2708 879 2761 et
901 2702 1011 2762 devota
1030 2707 1203 2782 permaneat
1222 2706 1254 2760 et
1273 2720 1376 2761 secura

165 2783 318 2842 consistat.
360 2783 421 2842 Per
434 2783 608 2846 Dominum.

227 2874 371 2935 Secreta·
1259 2913 1261 2916 -

193 3017 195 3020 Α
226 2955 358 3034 Suscipe,
372 2957 512 3031 Domine,
532 2975 658 3015 munera
679 2975 747 3034 quae
769 2955 803 3014 in
827 2956 891 3035 ejus
912 2956 970 3015 tibi
987 2955 1187 3035 sollemnitate
1204 2955 1374 3032 deferimus,

167 3037 251 3115 cujus
264 3056 318 3096 nos
332 3038 508 3123 confidimus
521 3038 687 3116 patrocinio
700 3037 829 3097 liberari
871 3037 931 3097 Per
943 3037 1118 3100 Dominum.

227 3131 495 3197 Postecmmuuio.†
1149 3167 1152 3172 -
1185 3166 1199 3173 ··
1227 3167 1231 3172 ·

227 3210 359 3287 satiasti,
374 3212 513 3286 Domino,
526 3212 673 3271 familiam
686 3217 771 3271 tuem
783 3211 958 3271 muneribus
966 3211 1056 3270 sacris
1062 3230 1071 3286 3
1083 3211 1149 3289 ojus
1156 3230 1271 3290 sempor
1283 3212 1376 3271 inter-

166 3293 307 3353 ventione
319 3314 374 3353 nos
386 3294 495 3366 refove,
510 3293 758 3372 cujussollemnia
766 3293 956 3353 celebramus.
984 3292 1045 3352 Per
1055 3292 1219 3352 Dominum
1228 3298 1374 3352 nostrum.

230 3402 343 3476 Quoto
356 3404 404 3464 die
416 3402 505 3481 iufra
520 3403 643 3463 Octavus
655 3401 881 3480 deruentionis.
922 3399 1088 3478 Sumen

494 3500 658 3560 Hodierna
672 3500 727 3559 lux
742 3499 803 3559 diei

494 3581 627 3642 Celebris
639 3581 674 3639 in
686 3581 792 3639 metris
805 3580 866 3640 Dei

534 3663 649 3742 Agitur
662 3661 814 3721 memoria.

494 3742 696 3803 Decantemus
709 3743 743 3800 in
755 3742 811 3801 hac
824 3740 873 3800 die

494 3823 617 3903 Semper
629 3823 758 3901 virginis
772 3822 879 3882 Mariae

535 3904 654 3965 Laudes
666 3910 698 3964 et
710 3903 868 3984 praeconia.

494 3982 602 4050 omnis
615 3986 713 4058 homo,
727 3985 811 4044 omni
824 3985 907 4056 hora,

494 4067 600 4144 Ipsam
611 4086 672 4140 ora,
687 4072 719 4126 et
730 4064 858 4143 im‘plcra

535 4148 611 4226 Ejus
624 4147 809 4226 patrocinia5

226 4322 241 4350 ⁴¹
255 4321 310 4370 MS.
320 4322 432 4370 D.-Pro
440 4323 505 4373 beati
516 4325 617 4387 agapiti
631 4323 745 4384 martyris
759 4322 798 4370 tui
811 4321 926 4383 passione
937 4318 1076 4368 veneranda
1083 4316 1184 4366 ’11011111
1195 4315 1249 4374 tibi,
1261 4314 1373 4371 Domine,

164 4379 327 4454 molentes„
336 4397 483 4444 quesumus,
492 4387 520 4432 ut
534 4387 588 4446 ojus
602 4383 753 4432 orationibus
767 4382 878 4443 placeant
893 4393 940 4441 pro
955 4378 1027 4441 cuius
1042 4377 1138 4425 meritis
1153 4377 1293 4426 offerantur.
1323 4374 1374 4421 Per

167 4439 309 4564 Domffld:
319 4500 482 4560 D.-Prosta‚
492 4515 638 4562 quesumus,
648 4500 752 4549 Domino
768 4499 837 4548 Deus
853 4500 944 4557 1100101,
955 4498 984 4544 ut
998 4497 1143 4544 sacrmenti
1157 4496 1196 4545 tui
1211 4495 1303 4543 virtuto
1317 4505 1374 4554 per·

163 4561 244 4623 cepta,
252 4559 426 4609 intercessione
435 4561 499 4610 beati
509 4562 610 4624 Agapiti
619 4560 735 4622 martyris
743 4560 781 4609 tui
790 4563 859 4608 111110
867 4569 968 4606 munere
976 4555 1046 4618 digni
1054 4556 1191 4606 reddamur.
1222 4556 1278 4603 Per.
