2946 5002
548 365 645 431 Festa
669 364 822 431 Octobris.

146 530 348 606 Bononiam.
393 530 493 588 Homo
507 531 628 606 quidam
641 551 769 610 peregre.

148 611 338 685 Offcrtoiium.
381 610 510 669 Veritas.

147 692 268 751 Scordo.

146 773 284 844 Purifica,
300 791 475 849 quaesumus,
491 773 677 848 omnipotens
696 774 786 846 Deus,
808 778 939 831 mentem
960 773 1081 832 familiae
1102 779 1162 832 tuae
1181 773 1285 832 Sancti

87 853 215 930 Spiritus
230 855 278 910 tui
294 853 505 926 illustratione,
518 859 553 910 ut
569 873 622 928 per
642 854 780 930 suffragia
799 854 880 917 beati
893 854 1030 912 Wilfridi
1049 855 1221 913 confessoris
1240 850 1287 913 tui

84 941 173 1011 atque
186 933 335 1011 pontificis
353 940 471 1010 accepta
489 935 652 991 reddantur
671 935 829 1011 praesentia
848 955 972 993 munera
988 942 1096 994 nostrae
1110 936 1283 995 devotionis.

85 1014 144 1074 Per
158 1015 328 1072 Dominum.
372 1015 411 1071 In
425 1016 548 1072 unitate.
581 1031 584 1038 ’

146 1095 329 1155 emimonto.
373 1095 485 1154 Beatus
499 1115 609 1153 servus.

144 1176 389 1234 Postccmmuoio.

145 1257 368 1334 Redemptionis
406 1262 533 1314 aeternee'
556 1256 665 1332 pabulo
700 1257 802 1314 satiati
835 1257 990 1334 supplices,
1027 1257 1165 1330 Domine,
1201 1263 1285 1316 tuam

77 1336 271 1396 clementiam
284 1337 481 1414 deprecamur,
497 1343 533 1394 ut
546 1336 625 1394 beati
638 1336 775 1395 Wilfridi
788 1337 960 1410 confessoris
973 1336 1020 1396 tui
1033 1343 1123 1414 atque
1137 1338 1286 1414 pontificis

83 1417 333 1477 intercedentibus
346 1417 468 1490 meritis,
485 1424 595 1474 aeterna
608 1418 757 1494 capiamus
772 1419 849 1477 dona
862 1418 973 1477 salutis.
1016 1417 1083 1476 Per.

190 1637 230 1693 In
251 1636 486 1711 Tunnsmmonn
507 1652 612 1694 sunem
633 1636 791 1706 Enwsnm,
813 1653 902 1694 nucis
923 1653 961 1694 nr
982 1652 1186 1695 conrnssoms.

576 1732 629 1811 (iii.
645 1733 691 1791 Id.
709 1733 789 1810 Oct.)

145 1830 285 1905 Officium.
330 1831 370 1889 Os
380 1831 463 1907 justi.

145 1910 255 1969 Oratio.

144 1991 338 2068 Omnipotens
359 1992 536 2068 sempiterne
558 1992 648 2064 Deus,
665 1992 717 2068 qui
735 1993 856 2050 beatum
877 2011 976 2069 regem
998 1991 1179 2050 Edwardum
1200 2011 1282 2050 sanc-

80 2079 181 2130 torum
207 2078 328 2131 tuorum
354 2072 475 2148 collegio
503 2072 638 2144 sociasti,
672 2073 797 2131 concede
823 2073 979 2150 propitius,
1006 2079 1041 2130 ut
1068 2074 1121 2149 qui
1147 2073 1281 2150 gloriosae

81 2153 284 2211 translationis
297 2154 361 2230 ejus
374 2152 529 2210 recolimus
542 2153 680 2230 insignia,
690 2154 782 2231 ipsius
796 2154 875 2231 apud
888 2160 919 2213 te
933 2154 1094 2212 sentiamus
1106 2154 1278 2232 patrocinis.

83 2233 150 2293 Per.
251 2240 261 2259 ⁶
494 2251 496 2255 ⁴

140 2313 282 2390 Epistola.
325 2314 460 2372 Dilectus
473 2333 491 2371 a
505 2315 577 2372 Deo.

143 2394 277 2454 Grodol.
322 2395 459 2468 Domine,
474 2394 653 2471 praevenisti.

140 2475 290 2551 Alleluya.
338 2477 367 2535 V.
390 2475 453 2533 Istc
467 2481 593 2533 sanctus.

140 2555 303 2632 Sequentia.
346 2556 507 2633 Organicis,
523 2565 557 2613 at
569 2556 604 2613 io
619 2554 784 2615 Communi.

139 2637 341 2712 Evanqeiiam.
384 2637 481 2707 Nemo
494 2636 652 2694 lucernam.

141 2718 333 2792 offertorium.
376 2717 572 2775 Desiderium.

139 2797 282 2936 giiii-iliacii
314 2878 467 2954 praesentis
500 2878 689 2947 oblationem,
717 2898 892 2954 quaesumus,
921 2878 1058 2950 Domine,
1086 2878 1167 2936 beati
1199 2879 1276 2956 regis

80 2959 219 3018 Edwardi
240 2959 413 3018 confessoris
435 2959 481 3015 tui
500 2959 551 3034 pia
570 2958 756 3017 commendet
774 2959 952 3032 intercessio,
966 2964 1002 3017 ut
1014 2961 1048 3016 in
1061 2961 1144 3036 cujus
1158 2978 1276 3017 venera-

77 3041 156 3098 tione
169 3040 337 3118 suscipitur,
350 3041 414 3117 ipso
427 3039 652 3112 interveniente,
668 3040 706 3098 ad
717 3040 826 3117 gaudia
838 3046 949 3098 aeterna
969 3040 1077 3117 suscipi
1098 3059 1270 3098 mereamur.

80 3120 144 3180 Per.

139 3201 320 3260 Communia
363 3200 474 3258 Fidelis
488 3220 597 3258 servus.

136 3282 377 3341 Poctccmanunic.

136 3363 249 3440 Pignus
276 3368 424 3439 perpetuae
451 3362 555 3420 salutis
580 3368 728 3419 sumentes
756 3361 942 3420 clementiam
969 3367 1062 3432 tuam,
1086 3362 1272 3439 omnipotens

79 3442 167 3516 Deus,
189 3442 344 3501 humiliter
369 3442 569 3518 imploramus,
591 3449 627 3499 ut
652 3443 739 3500 beato
766 3462 834 3518 rege
861 3442 1008 3500 Edwards
1035 3442 1196 3500 confessore
1219 3450 1273 3499 tuo

78 3524 301 3599 interveniente,
316 3523 440 3582 caelestis
452 3524 522 3581 vitae
537 3524 657 3600 praemia
671 3523 809 3599 consequi
822 3543 994 3593 mereamur.
1031 3523 1090 3580 Per
1100 3524 1271 3580 Dominum.

218 3766 332 3826 Ssucm
353 3766 490 3838 Osmxm,
512 3782 597 3824 curn
617 3783 653 3823 m
674 3782 834 3835 unnrrms.
878 3766 971 3844 (Prid.
986 3767 1033 3826 Id.
1050 3767 1129 3844 Oct.)

135 3913 276 3990 Officium.
320 3913 490 3971 Sacerdotes
503 3913 570 3970 Dei.

136 3994 246 4053 Oratio.

133 4076 223 4146 Deus,
239 4075 290 4151 qui
312 4095 366 4133 nos
390 4073 531 4151 conspicis
555 4094 593 4132 ex
616 4079 717 4132 nostra
736 4074 909 4133 infirmitate
929 4075 1059 4145 deficere,
1081 4075 1118 4132 ad
1138 4095 1264 4134 amorem

74 4161 158 4214 tuum
171 4176 225 4213 nos
238 4156 465 4215 misericorditer
477 4174 530 4231 per
542 4161 710 4213 sanctorum
731 4161 851 4215 tuorum
873 4156 1006 4232 exempla
1026 4153 1164 4215 restaura.
1208 4157 1267 4216 Per

75 4236 244 4296 Dominum.

130 4318 272 4393 Epistola
316 4317 433 4375 Memor
447 4322 509 4374 esto
522 4317 545 4375 J
545 4337 627 4375 esum
641 4318 801 4380 Christum.

119 4398 267 4456 'Gradale
309 4399 439 4458 duravit.

129 4479 280 4557 Alleluya.
329 4478 357 4538 V.
381 4479 472 4539 Posui
485 4479 687 4557 adjutorium
