2946 5002
530 335 624 401 Festo
645 335 850 422 Septembris.

445 500 521 576 Lege
533 500 617 558 fulsit
629 502 661 558 in
674 502 782 576 divina,

444 581 534 651 Quasi
547 581 630 639 stella
643 584 790 641 matutina

484 661 522 717 In
535 661 630 719 medio
644 663 784 738 caliginis.

444 741 538 798 Carne
551 742 653 799 vivens
666 763 780 800 carnem
793 744 868 800 mori

444 822 527 878 Fecit
538 841 594 879 usu
608 824 735 898 graviori
768 827 772 834 '

482 901 597 974 Victus,
612 904 702 960 vestis
715 923 829 980 asperae.

444 981 505 1038 Hic
519 983 696 1040 Outhbertus
709 989 898 1059 promeretur,

444 1061 519 1119 Caro
532 1063 629 1120 nitens
642 1064 720 1139 quod
732 1065 850 1122 videtur

484 1142 573 1200 Nunc
585 1150 650 1218 post
662 1150 785 1201 mortem
798 1145 903 1202 vivere.

445 1222 492 1279 Sic
505 1230 637 1299 expertes
650 1225 784 1282 sanitatis

445 1303 548 1361 Omnis
561 1323 647 1361 sexus
660 1312 690 1362 et
703 1305 796 1363 aetatis

484 1383 579 1441 Saluti
592 1385 728 1442 restituit.

445 1463 534 1521 Gaecis
544 1465 646 1536 visum,
656 1465 766 1522 claudis
776 1485 913 1542 gressum,

444 1544 494 1600 Ad
501 1544 677 1620 loquendum
687 1545 737 1603 dat
744 1566 914 1622 regressum,

485 1624 597 1692 Quibus
610 1645 703 1682 sermo
717 1626 818 1684 defuit.

445 1704 520 1761 Sunt
533 1711 563 1762 et
576 1706 668 1781 patris
680 1707 797 1764 infinita

445 1785 516 1853 Quae
529 1792 595 1862 post
608 1793 731 1844 mortem
745 1788 819 1844 etin
832 1787 894 1844 vita
943 1843 945 1846 Α

484 1865 613 1923 Protulit
626 1867 771 1924 miracula

445 1945 535 2021 Cujus
548 1966 631 2022 prece
645 1948 708 2005 Deo
721 1953 812 2022 grata,

445 2025 526 2084 Stola
536 2028 619 2084 nobis
633 2029 701 2084 vitae
714 2028 791 2097 data,

484 2106 629 2165 Vivamus
641 2109 674 2164 in
687 2108 797 2166 saecula

158 2226 357 2302 anrrqeliwm.
400 2226 463 2283 Vos
476 2229 546 2286 estis
559 2229 613 2285 lux
626 2230 729 2286 mundi
741 2248 831 2305 usque
844 2229 884 2288 ad
897 2228 948 2306 qui
961 2227 993 2284 in
1007 2226 1083 2285 caeli's
1096 2232 1147 2284 est.

162 2306 350 2382 Offertorirua.
393 2307 499 2365 Inveni
512 2310 611 2367 David
624 2329 748 2369 servum.
1224 2315 1227 2320 ’

160 2387 319 2538 {wisi
340 2488 513 2545 quaesumus,
528 2470 663 2544 nomine,
678 2471 758 2528 beau
780 2470 938 2530 clausi
959 2468 1105 2547 pontificis
1124 2467 1171 2525 tur
1190 2467 1278 2524 inter.

100 2548 228 2607 oessione
249 2569 327 2608 nunc
348 2556 431 2626 grata
454 2550 593 2609 reddatur
616 2551 733 2623 oblatio,
758 2558 789 2610 et
810 2571 863 2629 per
885 2571 948 2610 eam
968 2550 1122 2627 gloriosam
1144 2555 1286 2606 nostrum

101 2630 276 2688 famulatum
288 2630 416 2707 purifica
458 2630 523 2691 Per.
1024 2650 1026 2654 “

164 2708 342 2770 Oommrucio.
384 2711 494 2769 Fidelis
507 2730 616 2770 servus

163 2791 399 2850 Posteoocmuaio.

163 2871 253 2944 Deus,
268 2873 319 2948 qui
331 2892 385 2930 nos
397 2879 564 2931 sanctorum
577 2880 696 2931 tuorum
711 2871 865 2948 temporali
884 2872 990 2930 tribuis
1009 2869 1280 2930 commemoratione

103 2952 237 3028 gaudere,
264 2959 377 3028 praesta,
406 2973 579 3030 quaesumus,
607 2959 642 3010 ut
664 2954 750 3012 beato
774 2953 936 3012 Outhberto
957 2952 1162 3024 intercedente,
1185 2952 1218 3008 in
1244 2970 1279 3007 ea

104 3052 297 3091 numeremurv
312 3039 390 3092 sorte
413 3034 524 3108 salutis,
548 3035 581 3091 in
605 3054 663 3111 qua
685 3040 755 3092 sunt
778 3034 823 3091 illi
846 3033 940 3110 gratia
966 3038 1019 3090 tua
1044 3031 1169 3110 gloriosi.
1221 3031 1280 3088 Per

106 3112 274 3172 Dominum.

225 3324 342 3382 Sinori-
356 3323 496 3396 Bnnrmr,
517 3337 641 3381 ABBA'HS
661 3339 698 3380 nr
718 3335 920 3380 corrnssoars.
964 3319 1053 3396 (Non.
1069 3317 1162 3397 Sept)

166 3453 305 3530 Officiwm
348 3453 388 3512 Os
404 3453 486 3529 justi

166 3533 274 3593 Oratio.
316 3533 496 3592 Intercessio.

165 3614 304 3691 Epistotr.
346 3613 451 3672 Justus
464 3633 513 3671 cor
526 3632 618 3671 suum.

167 3694 298 3753 Gradale.
341 3694 382 3753 Os
397 3694 479 3771 justi.

166 3775 310 3851 Alleluya
357 3775 386 3835 V.
413 3774 475 3832 Iste
487 3778 611 3833 sanctus.

166 3855 362 3931 Eoonpelirua.
405 3855 501 3912 Nemo
521 3855 676 3912 lucernam.

168 3934 356 4010 offertorium.
398 3935 525 3993 Veritas.

168 4014 346 4076 Gemmarum.
387 4016 496 4075 Beatus
516 4034 623 4074 servus.

219 4229 258 4287 In
278 4229 406 4288 Vrornu
427 4228 626 4304 Nurrvrrffls
646 4242 749 4285 suurn
769 4225 890 4284 Mum
933 4222 995 4303 (vii
1019 4221 1065 4284 Id.
1087 4220 1179 4300 Sept)

171 4364 303 4442 Οχῆιίιιπι
347 4367 441 4440 Salve,
456 4372 556 4425 sancta
568 4385 678 4445 parens.

173 4447 276 4508 Oratio.
319 4447 451 4508 Concede
470 4467 530 4508 nos.

152 4542 214 4588 ron.
228 4546 262 4588 11.
676 4543 701 4586 Η
