2946 5002
149 410 211 472 106
580 406 675 472 Festo
696 404 902 491 Septembris.

210 572 398 646 Offirtore'um.
441 572 543 631 Gloria
555 579 587 630 et
599 573 715 631 honore.

208 654 327 712 Secreta.

210 734 268 791 Pro
281 734 432 811 apostolici
451 734 616 793 reverentia
629 733 765 791 culminis
779 733 933 790 offerentes
953 749 1033 788 sacra
1052 728 1201 805 mysteria,
1217 733 1331 804 praesta,

148 814 284 886 Domine,
311 835 485 891 quaesumus,
512 821 548 872 ut
580 815 660 872 beati
692 813 832 871 Matthaei
864 811 988 888 apostoli
1017 810 1064 867 tui
1091 816 1121 867 et
1149 808 1334 884 evangelistae

148 895 301 972 suffragiis,
318 897 400 971 eujus
420 896 555 952 natalitia
574 894 777 970 praevenimus,
792 893 853 951 haec
866 893 949 968 plebs
962 898 1015 948 tua
1031 909 1143 967 semper
1156 895 1186 947 et
1200 908 1254 946 sua
1266 895 1335 947 vota

148 975 300 1051 depromat
314 983 343 1034 et
357 976 518 1033 desiderata
530 976 688 1053 percipiat·
723 974 789 1033 Per.

210 1055 389 1114 Oouemuaio.
433 1057 543 1133 Magna
556 1062 607 1114 est.

208 1137 447 1195 Posteommuua'o.

207 1216 294 1275 Beati
321 1217 459 1274 Matthaei
492 1217 615 1293 apostoli
641 1217 688 1273 tui
714 1220 745 1273 et
772 1213 965 1290 evangelistae,
994 1231 1169 1289 quaesumus,
1197 1210 1335 1281 Domine,

147 1298 358 1373 supplicatione
382 1299 521 1374 placatus,
542 1304 573 1354 et
596 1298 711 1354 veniam
734 1295 819 1353 nobis
841 1294 1016 1352 delictorum
1038 1294 1135 1350 tribue
1156 1298 1187 1349 et
1206 1292 1336 1349 remedia

145 1378 324 1453 sempiterna
337 1379 466 1435 concede.
509 1378 568 1436 Per
581 1377 752 1435 Dominum

206 1458 241 1516 Si
261 1459 319 1516 leaec
346 1459 452 1533 Vipiliu
470 1469 496 1516 et
516 1458 660 1529 Quattuor
682 1459 823 1533 Tempore
844 1464 1026 1526 emmeram,
1046 1453 1171 1528 qualiter
1191 1452 1290 1510 Micam
1310 1461 1336 1510 et

146 1537 208 1596 ulia
222 1539 356 1597 celebrari
369 1541 496 1611 debeant,
511 1539 574 1597 aide
590 1558 681 1614 supra
696 1547 763 1614 post
782 1536 941 1596 Sabbatum
955 1536 1100 1608 Quattuor
1115 1534 1290 1610 Terreporum
1302 1533 1337 1591 ia

146 1618 288 1678 Adventu.

393 1801 433 1858 Iu
452 1817 504 1858 nm
526 1816 631 1859 saucrr
652 1800 816 1857 Mammas.
860 1798 913 1876 (xi.
930 1799 999 1856 Kal.
1015 1797 1093 1876 Oct.)

179 1982 182 1997 .
206 1944 346 2018 Officium.
389 1945 428 2002 In
441 1946 537 2004 medio
550 1946 683 2004 ecclesiae.

207 2025 315 2083 Oratis.

203 2105 290 2162 Beati
304 2105 442 2164 Matthaei
462 2107 586 2183 apostoli
604 2109 651 2165 tui
670 2114 700 2166 et
719 2106 913 2186 evangelistae,
929 2106 1064 2178 Domine,
1079 2105 1213 2182 precibus
1233 2107 1336 2182 adjuv-

144 2205 234 2257 emur,
254 2193 289 2242 ut
310 2188 387 2262 quod
405 2189 582 2263 possibilitas
601 2195 701 2247 nostra
720 2209 781 2247 nou
798 2189 922 2258 obtinet,
943 2188 1006 2263 ejus
1026 2187 1109 2244 nobis
1129 2187 1335 2245 intercessione

143 2265 276 2324 donetur.
321 2267 385 2324 Per.

203 2346 343 2420 Epistola.
386 2347 556 2424 Unicuique
570 2356 709 2408 vestrum.

204 2425 337 2485 Grudule.
380 2428 491 2486 Beatus
504 2430 556 2487 vir.

201 2507 350 2583 Alleluya.
399 2509 427 2566 V.
451 2508 570 2568 Primus
583 2511 621 2568 ad
635 2510 714 2570 Sion.

201 2587 363 2662 Sequentia.
406 2590 517 2647 Plausu
531 2591 644 2662 chorus,
659 2602 693 2649 ut
706 2592 741 2649 iu
754 2590 920 2649 Communi.

201 2668 368 2726 Secundum
381 2670 556 2729 Mattbaeum
568 2672 624 2748 (iac.
642 2672 736 2749 9-13).

202 2749 241 2805 In
256 2749 307 2806 illo
327 2756 466 2826 tempore,
481 2751 570 2808 Vidit
582 2752 605 2810 J
605 2772 671 2810 esus
690 2752 839 2810 hominem
860 2751 1010 2811 sedentem,
1022 2751 1055 2808 in
1068 2749 1177 2808 telonio
1190 2769 1280 2825 usque
1294 2750 1334 2808 eut

141 2848 201 2886 non
216 2831 294 2886 enim
308 2831 377 2888 veni
391 2851 495 2889 vocare
503 2833 610 2908 justos,
625 2834 676 2891 sed
688 2841 861 2911 peccatores.

202 2909 304 2967 Credo

203 2990 393 3063 Offirtorium.
436 2993 458 3051 J
460 2998 543 3050 ustus
557 3001 592 3050 ut
605 2995 710 3071 palma.

201 3069 320 3132 Secreto.

202 3150 470 3229 supplicationibus
491 3155 657 3232 apostolicis
679 3157 759 3213 beati
780 3157 920 3215 Matthaei
943 3155 1139 3231 evangelistae,
1154 3173 1331 3230 quaesumus,

141 3233 276 3306 Domine,
296 3235 423 3292 ecclesiae
445 3243 504 3293 tuae
526 3237 746 3295 commendetur
766 3238 886 3312 oblatio,
907 3239 990 3314 cujus
1011 3235 1173 3312 magnificis
1194 3235 1331 3311 praedica-

140 3313 272 3372 tionibus
285 3315 426 3374 eruditur.
471 3317 536 3377 Per.

201 3393 382 3454 Communia.
425 3396 563 3471 Posuisti,
578 3397 713 3456 Domine.

199 3476 439 3535 Postcommuuio.

200 3556 358 3634 Peroeptis,
383 3558 519 3631 Domine,
544 3561 733 3618 sacramentis
755 3562 841 3618 beato
866 3560 1010 3618 Matthaeo
1034 3558 1165 3634 apostolo
1189 3561 1221 3614 et
1243 3576 1331 3614 evan·

138 3636 242 3710 gelista
255 3639 472 3697 interveniente
485 3641 680 3716 deprecamur,
696 3647 731 3699 ut
745 3661 809 3716 quae
826 3661 879 3717 pro
899 3643 962 3718 ejus
982 3640 1127 3698 celebrata
1146 3642 1217 3696 sunt
1237 3637 1331 3714 gloria

138 3718 222 3775 nobis
235 3719 390 3794 proficiant
402 3721 440 3777 ad
453 3722 603 3780 medelam.
646 3723 706 3780 Per
719 3722 889 3780 Dominum.

155 3952 340 4012 Saucroauu
360 3971 530 4014 murreum
550 3956 714 4030 Msumcu,
735 3971 947 4028 socloauuouu
968 3973 1048 4016 urus.
1091 3957 1131 4035 (x.
1149 3955 1218 4016 Kal.
1236 3955 1315 4033 Oct.)

198 4103 337 4199 Officium.
381 4106 480 4164 Intret
493 4106 526 4163 in
539 4111 703 4183 conspectu.

195 4185 315 4338 iiiiii,
337 4286 510 4342 quaesumus,
532 4268 717 4344 omnipotens
738 4268 878 4340 Deus,‘ut
897 4287 950 4325 nos
974 4272 1143 4324 sanctorum
1163 4271 1330 4341 martyrum

135 4353 255 4403 tuorum
276 4346 422 4420 Mauricii,
439 4348 604 4425 Exsuperii,
620 4347 1093 4420 candim,vice0ris,·1nnocenui
1114 4351 1144 4406 et
1163 4346 1277 4403 Vitalis
1296 4365 1330 4404 ac

133 4427 279 4484 sociorum
302 4428 460 4486 eorundem
482 4429 611 4488 laetificet
634 4429 740 4487 festiva
763 4428 952 4500 sollemnitas,
972 4434 1007 4485 ut
1034 4448 1159 4503 quorum
1183 4427 1330 4504 suffragiis

134 4507 270 4580 nitimur,
282 4509 427 4566 natalitiis
440 4510 606 4585 gloriemur.
649 4510 708 4568 Per
721 4511 892 4569 Dominum.
