2946 5002
506 381 600 446 Festo
621 378 823 466 Septembris.
892 367 897 378 ⁸
1197 383 1259 444 105

136 547 205 604 Alia
220 545 321 604 Oratio
334 547 386 604 aab
400 548 497 604 eodem
509 546 693 605 conclusione.

137 627 257 697 Praesta,
273 647 445 704 quaesumus,
461 628 597 700 Domine,
611 628 744 702 precibus
766 627 872 683 nostris
894 646 961 683 cum
981 625 1177 684 exsultatione
1197 646 1261 701 pro-

78 714 206 781 ventum,
228 713 263 765 ut
286 727 410 784 quorum
433 708 511 765 diem
531 708 672 784 passionis
692 727 790 764 annua
810 708 964 765 devotione
987 707 1148 778 recolimus,
1170 708 1260 763 etiam

77 789 144 847 fidei
157 791 321 847 constantia
335 789 553 864 subsequamur.
590 788 648 846 Per
660 788 822 846 Dominum
836 794 968 845 nostrum
981 787 1085 845 desum
1098 786 1259 846 Christum.

136 869 276 944 Epistoda
318 869 474 926 Justorum
487 871 599 927 animae.

138 949 271 1007 Gradale.
313 949 451 1021 Vindica,
466 950 600 1007 Domine.

136 1029 283 1105 Alleluya.
332 1030 360 1088 V.
384 1030 486 1087 Sancti
498 1031 545 1087 tui
558 1030 692 1087 Domine.

136 1110 335 1185 vatqelicnt.
378 1110 453 1167 Oum
466 1111 616 1169 audieritis
629 1110 737 1186 praelia.

138 1189 327 1263 Offertoripm.
370 1191 577 1249 Exsultahunt.

136 1270 257 1329 Secreto.
681 1338 683 1342 Α

136 1351 258 1423 Praesta,
272 1371 446 1428 quaesumus,
461 1351 587 1409 Domine
609 1352 689 1410 Deus
711 1357 818 1423 noster,
832 1357 867 1409 ut
886 1351 961 1408 sicut
983 1350 1015 1407 in
1036 1355 1193 1426 conspectu
1209 1355 1262 1407 tuo

75 1451 154 1490 mora
168 1438 213 1489 eat
225 1433 353 1509 pretiosa
366 1439 540 1506 sanctorum,
555 1433 599 1489 ita
612 1453 712 1490 eorum
725 1432 831 1490 merita
850 1432 1054 1490 venerantium
1074 1438 1193 1506 accepta
1205 1430 1263 1487 tibi

75 1512 216 1570 reddatur
229 1513 345 1571 oblatio
388 1513 447 1572 Per
459 1513 621 1571 Dominum
634 1518 768 1570 nostrum
781 1513 886 1571 desum
900 1512 1057 1570 Christum.

135 1592 207 1650 Alio
219 1592 331 1651 Secreto
344 1595 396 1652 aab
410 1595 507 1652 eodem
521 1594 704 1652 conclusione.

136 1673 218 1730 Vota
230 1674 333 1750 populi
351 1675 405 1746 tui,
421 1675 557 1746 Domine,
571 1676 747 1750 propitiatus
766 1674 896 1746 intende,
910 1679 940 1730 et
954 1692 1078 1748 quorum
1091 1692 1144 1731 nos
1157 1671 1265 1728 tribuis

75 1753 229 1812 sollemnia
242 1753 393 1827 celebrare,
409 1755 454 1812 fac
466 1756 592 1831 gaudere
605 1755 757 1832 suffragiis.

138 1834 319 1893 Commutato.
363 1836 536 1893 Posuerunt.

138 1915 378 1974 Postcommoaio.

139 1995 307 2055 Sanctificet
330 2016 392 2069 nos,
417 1996 552 2069 Domine,
581 2016 755 2072 quaesumus,
781 1995 828 2052 tui
854 1995 1000 2070 perceptio
1027 1991 1210 2063 sacramenti,
1236 1997 1267 2048 et

76 2076 284 2135 intercessione
297 2079 390 2135 beatae
404 2079 542 2152 martyris
555 2083 614 2134 tuae
629 2077 771 2133 Eufemiae
785 2076 841 2132 tibi
854 2075 957 2133 reddat
970 2081 1110 2151 acceptos.

139 2156 209 2214 Alia
224 2157 324 2217 Oratha
338 2159 391 2216 sot
405 2160 502 2216 codem
516 2158 701 2215 conclusione.
753 2175 756 2181 ·

139 2237 265 2309 Exaudi,
280 2238 415 2310 Domine,
429 2258 528 2315 preces
541 2245 664 2307 nostras,
679 2244 713 2295 ut
733 2242 900 2294 sanctorum
918 2256 1043 2313 quorum
1061 2235 1136 2291 festa
1156 2232 1269 2290 sollem-

77 2316 157 2375 niter
170 2318 356 2390 celebramus,
371 2320 518 2377 continuis
532 2320 683 2376 foveamur
696 2318 822 2376 auxiliis.
865 2317 922 2374 Per
935 2316 1104 2373 Dominum.

207 2546 318 2604 Snucrr
339 2546 507 2618 Lesuram,
529 2563 661 2604 nr1scor1
683 2564 721 2603 ar
741 2562 900 2603 ulamma
944 2544 1005 2624 (xv.
1021 2544 1091 2602 Kal.
1109 2543 1187 2621 Oct.)

141 2693 279 2768 Officium.
321 2695 427 2753 duatus
441 2701 476 2750 ut
488 2695 594 2770 palma.

140 2774 249 2832 Oratio.
291 2774 411 2845 Praesta,
427 2794 600 2851 quaesumus.

139 2855 280 2930 Epistola.
323 2856 429 2913 Justus
443 2856 469 2912 si
482 2862 583 2912 morte.

141 2934 275 2993 Gamala
318 2936 455 3006 Domine,
469 2935 646 3012 praevenisti.

139 3016 287 3092 Alleluya.
336 3016 364 3074 V.
389 3016 490 3075 Gloria
503 3022 532 3073 et
546 3017 663 3074 honore.

139 3096 337 3172 Evaaqelium.
380 3096 546 3156 Secundum
559 3098 739 3154 Motthaeum.
782 3096 815 3154 Si
829 3097 894 3172 quis
907 3096 974 3153 vult
987 3103 1054 3171 post
1067 3114 1114 3152 me
1127 3093 1235 3152 venire.
1276 3148 1280 3153 .

141 3175 333 3250 Offcrtmiwm.
375 3177 511 3235 Posuisti

141 3255 319 3316 domama.
361 3258 473 3335 Magna
486 3264 538 3315 est.

200 3468 239 3526 In
258 3469 388 3528 V1cmm
407 3487 512 3528 smacm
533 3469 697 3540 Murrum,
719 3488 860 3530 arosrom
882 3490 918 3529 nr
938 3490 1158 3532 nvnuonmsrm.

551 3565 614 3629 (xii.
631 3569 700 3628 Kal.
717 3569 797 3640 Oct.)

141 3669 280 3744 Officium.
323 3673 386 3749 Ego
399 3678 506 3731 autem.

142 3750 251 3809 Oratio.
588 3799 590 3803 .

140 3830 189 3888 Da
202 3831 295 3904 nobis,
310 3853 482 3909 quaesumus,
497 3835 681 3911 omnipotens
695 3837 784 3906 Deus,
797 3841 832 3893 ut
845 3836 924 3893 beati
937 3835 1074 3894 Matthaei
1087 3836 1211 3912 apostoli
1223 3836 1270 3893 tui

81 3912 319 3987 aevangelistae,
334 3933 422 3989 quam
440 3917 643 3990 praevenimus,
658 3917 825 3974 veneranda
839 3917 1025 3987 sollemnitas,
1040 3922 1070 3973 et
1084 3917 1270 3975 devotionem

81 3991 164 4051 nobis
178 4000 284 4069 augeat
297 3999 328 4051 et
343 3995 476 4052 salutem.
519 3995 583 4053 Per.

140 4072 281 4148 Epistoda.
324 4074 434 4133 Beatus
447 4075 534 4134 homo
548 4077 599 4152 qui
612 4077 728 4136 invenit
741 4077 921 4154 sapientiam.

142 4152 276 4213 Grodalc.
318 4155 425 4213 Justus
439 4163 474 4213 ut
486 4158 591 4231 palma.

139 4231 175 4291 Si
187 4234 344 4293 Domitian
356 4237 404 4309 ait,
418 4237 566 4312 Alleluya..
615 4238 643 4296 V.
666 4239 688 4297 J
690 4243 773 4296 ustus
787 4259 846 4296 non
860 4239 1090 4296 conturbabitur.

138 4312 307 4373 Secundum
320 4316 433 4374 Lucam
446 4317 489 4389 (o.
507 4317 627 4394 27-32).

92 4480 97 4489 .
140 4394 179 4532 Ip
199 4395 252 4534 illo
272 4402 412 4476 tempore,
427 4398 515 4456 Vidit
527 4400 550 4457 J
551 4419 616 4458 esus
628 4401 817 4477 publicanum
831 4419 919 4475 osque
932 4401 972 4458 od
992 4401 1043 4458 sed
1055 4405 1220 4476 peccatores
1233 4400 1271 4459 ad

80 4492 209 4552 paemen
225 4496 291 4536 1am.
