2946 5002
169 383 211 444 26
448 333 453 343 ι
641 380 737 443 Festo
758 379 890 444 Martii.

167 547 338 605 contulisti:
370 547 495 604 concede
522 546 676 623 propitius,
706 547 816 622 utqui
839 551 1025 622 peccatorum
1047 552 1218 602 nostrorum
1242 544 1371 621 pondere

167 629 339 703 premimur,
354 629 417 703 ejus
430 628 509 704 apud
530 635 560 684 te
574 627 709 703 precibus
723 628 919 685 sublevemur.
972 627 1031 684 Per
1051 627 1216 683 Dominum
1233 633 1372 684 nostrum

168 707 191 765 J
193 728 274 766 esum
289 708 441 765 Christum
456 708 575 765 Filium.

230 789 371 863 Epistola.
416 790 490 846 Ecce
501 789 634 846 sacerdos
648 808 781 864 magnus,
797 789 895 865 quiin
910 788 973 846 vita
987 808 1041 845 sua
1054 789 1177 845 curavit.

234 870 368 926 G'rodnl.
411 870 541 926 duravit.

234 951 363 1008 Proetus.
408 951 520 1008 Beatus
530 951 586 1022 vir,
603 951 655 1026 qui
669 951 763 1007 timet.

232 1031 434 1106 danageldum.
477 1032 542 1089 Vos
556 1033 626 1089 estis
640 1032 694 1087 lux
709 1031 812 1088 mundi
826 1051 916 1105 usque
930 1030 1036 1106 adqui
1049 1036 1095 1088 est
1108 1031 1141 1087 in
1155 1029 1242 1088 caelis.

235 1111 336 1170 Credo.

234 1192 425 1266 Offertorium.
469 1193 579 1250 Inveni
593 1193 692 1249 David
707 1212 825 1249 servum
840 1212 947 1249 meum.

234 1273 355 1331 Secreta.

237 1358 347 1412 Anuue
368 1355 461 1424 nobis,
477 1355 615 1426 Domine,
634 1373 810 1429 quaesumus,
832 1361 875 1425 ut,
890 1354 1091 1410 intercedente
1109 1355 1196 1411 beato
1218 1351 1371 1428 Gregorio,

173 1435 235 1491 haec
249 1436 334 1492 nobis
347 1435 442 1510 prosit
455 1435 575 1507 oblatio,
592 1455 681 1511 quam
691 1434 871 1492 immolando
881 1434 974 1491 totius
982 1435 1087 1491 mundi
1101 1434 1236 1492 tribuisti
1248 1434 1376 1490 relaxari

173 1515 289 1573 delicte.
333 1516 392 1573 Per
406 1517 577 1573 Dominum

237 1595 419 1655 Oomnauoio.
463 1597 601 1667 Domine,
617 1597 755 1672 quinque.

235 1678 478 1736 Poetcommunio.

236 1759 325 1831 Deus,
341 1759 393 1835 qui
407 1759 527 1816 beatum
552 1758 727 1834 Gregorium
745 1758 913 1835 pontificem
928 1763 1097 1815 sanctorum
1117 1763 1238 1813 tuorum
1261 1756 1377 1814 meritis

174 1840 341 1915 coaequasti,
364 1840 488 1897 concede
509 1841 665 1916 propitius,
680 1839 783 1915 utqui
800 1839 1085 1896 commemorationis
1100 1839 1163 1914 ejus
1180 1839 1256 1895 festa
1269 1837 1376 1914 percol-

175 1919 261 1992 imus,
277 1922 346 1978 vitae
361 1941 478 1997 quoque
492 1921 645 1978 imitemur
659 1920 800 1997 exempla.
845 1920 903 1977 Per
917 1921 1087 1977 Dominum.

248 2125 358 2183 saron
378 2124 715 2196 Ournnrar1,nr1scorr
733 2142 771 2181 nr
789 2141 995 2182 conressonrs.
1039 2122 1115 2202 (xiii.
1132 2122 1201 2205 Kal.
1218 2119 1307 2200 Apr.)

240 2245 381 2327 Officium.
425 2255 540 2311 Statuit
554 2256 589 2312 ei.

240 2335 348 2392 Oratio.

239 2415 434 2490 Omnipotens
457 2416 634 2492 sempiterne
657 2415 748 2485 Deus,
763 2414 816 2491 qui
840 2435 955 2491 semper
976 2434 1007 2472 es
1031 2420 1062 2472 et
1089 2414 1199 2490 ubique
1223 2413 1376 2484 mirabilis,

178 2515 347 2570 quaesumus
361 2496 549 2552 clementiam
561 2503 654 2566 tuam,
670 2503 705 2553 ut
719 2497 796 2553 sicut
809 2497 896 2553 beato
910 2496 1075 2552 Outhberto
1089 2495 1224 2571 pontifici
1237 2495 1379 2552 eminent

175 2596 223 2635 em
246 2577 370 2652 gloriam
393 2577 555 2647 contulisti,
574 2578 615 2634 sic
636 2578 673 2634 ad
696 2577 931 2653 consequendam
957 2577 1186 2634 misericordia-m
1208 2582 1293 2633 tuem
1316 2577 1379 2652 ejus

177 2676 231 2713 nos
245 2657 335 2714 facias
348 2658 483 2733 precibus
497 2658 639 2734 adjuvari.
684 2659 749 2716 Per.

240 2738 355 2812 Epistol
376 2782 382 2794 .
425 2739 500 2796 Ecce
514 2739 647 2796 sacerdos
661 2759 792 2814 magnus.

241 2818 356 2876 Grcdal
370 2863 376 2874 .
422 2819 497 2876 Ecce
511 2820 643 2878 sacerdos
657 2840 790 2896 magnus.

242 2901 374 2957 Tractus.
417 2899 528 2957 Beatus
542 2901 589 2958 vir
602 2902 655 2977 qui
669 2902 764 2960 timet.

241 2980 441 3055 Evangeliuau.
484 2982 585 3040 Homo
599 2982 720 3058 quidam
734 3001 861 3058 peregre.

243 3061 436 3135 offertorium.
481 3062 610 3120 Veritas.

241 3143 361 3202 Secreto.

242 3224 317 3281 Haec
340 3224 406 3294 tibi,
424 3225 561 3298 Domine,
577 3246 753 3302 quaesumus,
770 3225 850 3282 beati
869 3224 1028 3281 Cuthberti
1048 3221 1196 3300 pontificis
1222 3223 1270 3278 tui
1293 3222 1383 3279 inter-

181 3305 311 3362 cessione
325 3325 404 3363 nunc
418 3313 503 3386 grate
516 3308 660 3365 reddatur
673 3306 792 3378 oblatio,
805 3313 836 3363 et
849 3325 902 3382 per
915 3325 980 3362 eam
990 3305 1115 3381 gloriam
1124 3308 1262 3359 nostrum
1274 3302 1379 3359 famul-

182 3391 266 3443 atum
281 3387 409 3462 purifica.
454 3389 518 3447 Per.

244 3467 425 3527 Comucuuio.
470 3470 581 3527 Beatus
595 3489 704 3526 servus.

244 3549 486 3609 Postcommuuio.
549 3612 551 3617 ,

244 3630 334 3703 Deus,
353 3632 405 3706 qui
419 3652 473 3690 nos
495 3637 665 3688 sanctorum
678 3637 797 3686 tuorum
812 3628 968 3704 temporali
981 3626 1091 3685 tribuis
1104 3626 1381 3684 commemoratione

183 3712 318 3786 gaudere,
346 3718 461 3788 praesta,
492 3731 667 3788 quaesumus,
692 3717 728 3767 ut
762 3712 848 3767 beato
877 3709 1041 3767 Outhberto
1069 3708 1269 3764 intercedente
1296 3708 1328 3764 in
1350 3726 1384 3764 ea

182 3810 373 3850 numeremur
400 3799 479 3851 sorte
507 3794 611 3850 salutis
638 3793 671 3849 in
698 3811 757 3867 qua
784 3797 855 3848 sunt
881 3789 927 3846 illi
954 3790 1051 3866 gratia
1078 3796 1131 3846 tua
1154 3788 1282 3864 gloriosi.
1325 3788 1384 3845 Per

185 3872 356 3934 Dominum.

279 4044 393 4103 sinon
407 4044 579 4102 Brurmcrr
604 4058 732 4099 sermm
747 4058 784 4099 cr
799 4057 1003 4099 conrnssonrs
1034 4040 1098 4118 (xii.
1114 4038 1185 4098 Kal.
1200 4041 1292 4117 Apr.)

247 4176 386 4249 Officium.
429 4176 470 4234 Os
479 4175 565 4251 justi„

249 4255 356 4313 Oratio.
404 4255 588 4314 Intercessio.

246 4336 388 4411 Epistolu
431 4337 453 4395 J
455 4344 540 4394 ustus
553 4357 603 4394 cor
616 4354 711 4394 suum.

249 4416 382 4474 Gradule.
426 4418 467 4475 Os
476 4419 560 4494 justi.

248 4496 380 4556 Tractus.
424 4499 619 4556 Desiderium.
