2946 5002
682 464 778 530 Festo
800 464 902 529 Joltt.

406 698 519 755 Eonnu
538 713 593 754 nm
613 711 794 756 cancrorum
815 697 935 755 Snrrru
955 697 1186 756 Donumrrmu.

262 831 400 908 Officium.
448 835 533 892 Salus
546 841 645 893 autem
655 835 814 911 justorum.

261 912 369 972 Oratio.
412 916 504 988 Deus,
517 917 569 992 qui
579 915 719 993 gloriosos
732 923 848 973 aeternae
861 917 1099 974 resurrrectionis
1112 934 1258 993 praecones
1271 915 1390 991 Septem

201 995 389 1053 Dormientes
409 996 562 1073 magnifice
580 997 745 1070 coronasti3
769 1002 884 1072 praesta,
903 1016 1077 1072 quaesumus,
1093 1003 1128 1054 ut
1142 1017 1243 1055 eorum
1256 997 1391 1074 precibus

199 1075 440 1134 resurrectionem
463 1083 601 1150 sanctam,
617 1097 682 1154 quae
705 1078 738 1134 in
765 1078 808 1136 eis
829 1077 1004 1136 mirabiliter
1023 1083 1200 1156 praeostensa
1220 1084 1273 1150 est,
1296 1096 1393 1135 conse

202 1175 335 1232 quamur.
378 1157 443 1215 Per.

261 1237 402 1312 Epistobt.
445 1238 602 1297 Justorum
615 1239 728 1296 animae.

264 1317 397 1375 Gradcba
439 1319 596 1378 Justorum
609 1319 722 1377 anima.

261 1397 408 1474 Alleluya
459 1400 487 1457 V.
510 1399 665 1458 Mirabilis.

261 1478 464 1553 Evangelican.
506 1480 666 1537 Attendite
679 1500 698 1537 a
710 1480 862 1538 fermento.

264 1557 453 1632 Offirtorc'am.
497 1560 708 1619 Exsultabunt.

262 1638 382 1698 Secreto.
715 1702 718 1707 ,

263 1719 353 1793 Deus,
368 1721 401 1778 in
414 1741 473 1798 quo
486 1727 531 1778 est
545 1720 678 1778 omnium
693 1722 845 1798 justorum
865 1721 981 1798 requies
999 1727 1029 1780 et
1043 1741 1104 1798 pax
1119 1727 1200 1780 certa
1214 1727 1391 1794 sanctorum,

203 1798 301 1857 tribue
315 1801 399 1859 nobis
412 1802 545 1877 pacificas
566 1802 678 1860 hostias
699 1803 757 1860 tibi
778 1803 867 1878 digne
889 1803 1012 1874 offerre3
1032 1809 1067 1860 ut
1084 1803 1291 1879 perfectionem
1305 1803 1393 1878 pecie,

204 1898 263 1955 qua
283 1882 330 1937 tui
351 1883 446 1939 sancti
463 1883 526 1957 jam
547 1882 690 1940 fruuntur
710 1884 743 1939 in
765 1883 850 1955 caelis,
874 1903 927 1941 nos
945 1884 1058 1961 jugiter
1073 1884 1149 1941 hanc
1169 1883 1346 1941 meditemur
1363 1885 1395 1940 in

204 1961 299 2018 terris.
342 1962 401 2019 Per
414 1962 584 2020 Dominum.

266 2041 447 2100 commocio.
489 2044 645 2105 Justorum
659 2043 772 2102 animae.

265 2123 506 2181 Poatcommuaio.

266 2203 441 2260 Sanctorum
453 2210 583 2275 tuorum,
597 2205 734 2278 Domine,
748 2205 887 2263 victorias
901 2205 1060 2277 recolentes
1078 2211 1259 2262 sacramenta
1271 2204 1397 2282 percepi-

205 2302 288 2355 mus;
308 2290 415 2359 praesta
428 2285 521 2355 nobis,
537 2304 712 2360 quaesumus,
727 2304 829 2342 eorum
849 2286 963 2343 meritis
982 2286 1207 2364 indulgentiam,
1220 2287 1253 2343 in
1271 2306 1396 2363 quorum

206 2363 383 2421 dormitione
396 2370 480 2422 tuam
493 2364 743 2441 magnificentiam
757 2367 961 2424 collaudamus.
1006 2367 1064 2424 Per
1077 2367 1248 2425 Dominum.

284 2602 395 2662 Senem
417 2603 595 2676 Sanrsoms,
619 2621 754 2664 nrrscom
775 2623 813 2663 nr
833 2622 1037 2664 conressoars.
1082 2606 1122 2685 (v.
1138 2606 1209 2666 Kal.
1225 2607 1318 2684 Aug.)

268 2739 408 2815 Officium.
453 2743 574 2801 Statuit.

269 2822 378 2881 Oratio.
422 2824 479 2895 Da,
495 2843 670 2900 quaesumus.

266 2904 306 2959 M
303 2904 411 2960 omorio
424 2906 460 2962 dc
473 2914 572 2962 aurato
582 2905 768 2979 peccatone,
783 2914 920 2981 martyre,
935 2916 969 2965 at
982 2909 1017 2965 ia
1031 2907 1196 2967 Communi.

266 2984 407 3059 Epistola.
451 2986 526 3043 Ecce
539 2986 679 3044 sacerdos.
1191 2999 1193 3002 ⁴

271 3063 406 3122 Grodolc.
449 3066 580 3124 Juravit.

268 3146 416 3222 Alleluya.
466 3148 494 3205 V.
517 3148 625 3206 Justus
642 3149 827 3224 germinabit.

267 3227 469 3301 Evangeliam.
512 3228 613 3286 Homo
626 3229 747 3305 quidam
760 3249 890 3306 peregre.

270 3307 464 3380 offertorium.
507 3309 637 3368 Veritas.

271 3387 453 3447 Oommanc'o.
497 3390 608 3448 Fidelis
622 3411 732 3449 servus.

261 3605 454 3680 Smcroaou
467 3637 637 3680 marranti
659 3622 790 3694 ancrs,
813 3625 897 3680 rara
908 3642 917 3694 ;
951 3639 989 3680 rr
1009 3622 1168 3695 S1nrmcn‚
1191 3622 1350 3694 Fsosrmr,

545 3737 582 3778 nr
603 3721 777 3780 ernrcm.
822 3720 873 3800 (iv.
890 3720 960 3778 Kal.
976 3721 1072 3799 Aug.)

272 3847 412 3924 Officium.
455 3849 626 3909 Sacerdotes
641 3853 713 3926 ejus.

275 3930 386 3989 Oratio.

270 4011 482 4070 Infirmitatem
502 4017 634 4069 nostram
647 4012 768 4087 respice,
782 4031 956 4088 quaesumus,
972 4013 1053 4069 Deus
1073 4012 1268 4088 omnipotens,
1282 4017 1314 4068 et
1334 4012 1404 4086 quia

209 4093 324 4170 pondus
337 4095 462 4170 propriae
475 4093 599 4151 actionis
613 4100 727 4170 gravat,
738 4094 817 4150 beati
828 4093 935 4151 Felicis
948 4093 1088 4169 martyris
1100 4093 1148 4149 tui
1156 4098 1247 4169 atque
1257 4092 1405 4168 pontificis

211 4175 381 4231 intercessio
394 4174 521 4250 gloriose
534 4193 587 4231 nos
600 4179 743 4251 protegat.

275 4253 384 4312 Oratio.

273 4334 394 4407 Praesta,
410 4356 586 4412 quaesumus,
601 4335 787 4411 omnipotens
807 4335 899 4407 Deus,
922 4340 958 4391 ut
976 4334 1053 4391 sicut
1071 4335 1197 4410 populus
1217 4333 1404 4391 Christianus

212 4421 377 4492 martyrum
399 4422 519 4474 tuorum
541 4415 694 4493 Simplicii,
710 4416 855 4487 Faustini,
871 4421 902 4472 et
924 4414 1068 4472 Beatricis
1089 4415 1245 4490 temporali
1259 4415 1405 4472 sollemni·

211 4501 274 4553 tate
296 4497 467 4572 congaudet,
489 4499 533 4555 ita
555 4497 726 4573 perfruatur
746 4503 865 4569 aeterna,
880 4502 910 4555 et
931 4496 1011 4573 quod
1023 4495 1102 4552 votis
1118 4496 1255 4567 celebrat,
1278 4514 1406 4572 compre

211 4575 322 4635 hendat
336 4577 421 4635 effect
443 4622 449 4634 .
493 4577 558 4635 Per.
602 4576 663 4636 Sat
676 4598 740 4635 aaa
754 4578 941 4636 conclusione.
