2946 5002
137 362 178 425 28
603 360 699 424 Festo
720 358 865 444 Aunilia.

135 688 162 746 Ε
195 526 381 744 ssggmgzgoo
408 608 561 684 concipiet,
589 615 620 664 et
646 608 743 683 pariet
768 605 873 678 filium,
898 611 929 664 et
955 605 1111 664 vocabitur
1136 605 1203 683 ejus
1229 624 1337 662 nomen

164 708 318 746 mmanue.

197 779 250 860 [In
264 790 385 857 tempore
398 782 544 850 Poscholi,
558 780 708 856 Alleluya,
724 779 989 856 alleluya—MSS.
1006 779 1042 850 B,
1058 778 1092 852 O,
1106 779 1166 836 and
1180 776 1234 859 D.]

195 862 437 921 Poetoommunio.

195 944 330 1001 Gratiam
343 950 435 1015 tuam,
451 963 626 1021 quaesumus
641 943 778 1010 Domine,
791 942 943 999 mentibus
956 940 1065 998 nostris
1085 940 1218 1012 infunde,
1234 939 1338 1017 utqui

134 1024 238 1098 angelo
269 1025 428 1082 nuntiante
456 1025 568 1083 Christi
599 1024 671 1081 Filii
702 1025 749 1080 tui
783 1023 1021 1080 Incarnationem
1055 1022 1256 1098 cognorimus,
1284 1040 1337 1101 per

135 1104 305 1162 Passionem
319 1106 382 1182 ejus
395 1113 426 1164 et
444 1106 569 1163 Crucem
586 1105 624 1162 ad
641 1104 862 1162 insurrectionis
883 1103 1008 1181 gloriam
1030 1103 1237 1180 perducamur.
1280 1101 1339 1160 Per

135 1186 268 1244 eundem.

249 1394 361 1452 Sauum
381 1395 548 1465 Anauosrr,
570 1410 706 1452 rrrscorr
727 1411 765 1451 nr
784 1410 933 1452 nocroars
953 1411 993 1452 nr
1013 1410 1221 1454 corrussoms.

588 1491 681 1571 (Prid
698 1492 777 1550 Non
793 1491 883 1569 Apr.)

197 1639 338 1715 Officium.
381 1641 421 1698 In
434 1642 532 1699 medio
545 1641 680 1699 ecclesiae.

197 1722 307 1780 Oratio.
351 1723 407 1791 Da,
422 1742 597 1800 quaesumus

194 1802 311 1879 Epistol
330 1849 336 1861 .
380 1804 456 1862 Ecce
470 1804 602 1861 sacerdos
615 1823 749 1879 magnus,
771 1804 823 1880 qui
836 1804 869 1861 in
883 1803 947 1862 vita
960 1824 1020 1862 sua

196 1883 332 1942 Gradole.
375 1885 450 1942 Ecce
464 1886 597 1942 sacerdos
610 1904 741 1961 magnus.

196 1966 327 2025 Tractus.
371 1967 482 2024 Beatus
496 1967 551 2023 vir.

193 2046 229 2105 Si
245 2056 311 2122 post
323 2048 440 2105 Pascha
464 2048 594 2118 evenerit,
613 2048 747 2122 primum
766 2047 915 2123 Alleluya.
965 2047 995 2104 V.
1017 2047 1039 2105 J
1040 2052 1125 2103 ustus
1137 2048 1323 2122 germinabit.

194 2126 362 2186 Secundam
382 2129 553 2204 Alleluya·
581 2128 609 2185 V.
634 2129 771 2185 Surrexit
793 2129 949 2199 Dominus„
964 2135 995 2186 et
1009 2148 1172 2202 occurrens,
1189 2138 1224 2186 ut
1237 2149 1335 2206 supra.

193 2208 358 2284 Sequentia.
400 2209 498 2266 Adest
510 2209 604 2281 nobis,
619 2219 653 2265 ut
666 2210 701 2265 in
716 2209 882 2270 Communi.

194 2290 396 2427 gvagqeliam.
440 2290 505 2346 Vos
519 2290 590 2346 estis
603 2289 658 2346 lux
670 2291 774 2347 mundi
788 2309 878 2366 usque
890 2292 932 2349 ad
951 2291 1004 2368 qui
1017 2291 1050 2348 in
1063 2290 1142 2349 celis
1155 2297 1209 2350 est

221 2390 252 2427 re
274 2390 297 2426 ο.

196 2449 389 2523 offertorium.
431 2451 561 2508 Veritas.

195 2531 377 2591 Communia
420 2533 557 2604 Domine,
573 2532 711 2609 quinque.

196 2781 384 2840 Sarcronun
404 2797 578 2840 nsarraun
598 2782 746 2840 Traoarrr
766 2800 805 2840 nr
825 2783 1007 2841 Vnnrararr
1027 2801 1065 2841 ar
1086 2784 1280 2842 Maxrnrarr.

599 2880 695 2960 (xiiii
712 2882 782 2939 Kal.
799 2882 887 2958 Mai.)

197 2986 338 3060 Officium.

196 3068 297 3126 Sancti
310 3067 366 3138 tui,
378 3068 515 3141 Domine,
525 3068 699 3127 benedicent
713 3075 762 3142 te;
781 3069 906 3146 gloriam
919 3069 1003 3146 regni
1015 3070 1063 3127 tui
1073 3070 1181 3142 dicent,
1189 3070 1323 3148 alleluya

196 3159 342 3218 Paolmua

195 3243 342 3299 Exultabo
355 3248 395 3314 tc,
411 3243 493 3300 Deus
506 3262 588 3301 meus
610 3264 664 3302 rex
673 3264 683 3316 3
710 3251 741 3301 et
762 3244 933 3301 benedicam
954 3243 1070 3301 nomini
1087 3249 1140 3301 tuo
1153 3244 1187 3301 in
1200 3244 1339 3303 saeculum

136 3324 244 3382 saeculi.

198 3404 308 3463 Oratio.
392 3460 400 3478 ,

196 3486 317 3548 Praesta.
339 3505 513 3560 quaesumus,
538 3488 723 3562 omnipotens
743 3487 834 3555 Deus,
855 3492 891 3543 ut
911 3486 964 3562 qui
983 3492 1153 3543 sanctorum
1172 3493 1339 3563 martyrum

135 3574 256 3624 tuorum
282 3565 413 3622 Tiburtii
438 3573 468 3623 et
495 3566 651 3624 Valeriani
678 3579 708 3625 et
740 3567 868 3624 Maximi
897 3568 1051 3625 sollemnia
1078 3567 1211 3641 colimus,
1239 3588 1340 3626 eorum

135 3647 226 3705 etiam
248 3646 375 3704 virtutes
396 3646 556 3705 imitemur.
600 3647 665 3706 Per.

196 3739 338 3816 Epistola.
382 3739 499 3816 Lingua
519 3741 706 3816 sapientium.

196 3820 346 3897 Alleluya.
397 3819 426 3879 V.
450 3822 551 3878 Sancti
565 3823 620 3894 tui,
636 3822 773 3894 Domine,
787 3820 969 3879 benedicent.

196 3901 346 3978 Alleluya.
394 3901 423 3960 V.
451 3902 491 3959 In
508 3902 556 3958 die
576 3903 796 3960 resurrectionis
814 3922 885 3959 meae
899 3903 972 3960 dicit
989 3902 1137 3960 Dominus
1148 3924 1157 3977 3
1178 3904 1341 3981 praecedam

137 4002 190 4041 voe
203 3982 235 4039 in
250 3982 412 4042 Galilaeana

198 4074 400 4151 Euemeriae.
443 4075 559 4134 Videns
572 4077 675 4134 turbas
688 4076 710 4134 J
712 4096 785 4135 esus,

199 4154 392 4231 Offirlordum.
436 4157 603 4216 laetamini.

192 4237 311 4296 Secreto.

198 4318 274 4376 Haeo
307 4318 412 4392 hostia,
448 4340 624 4397 quaesumus,
659 4319 796 4393 Domine,
829 4339 917 4396 quam
951 4319 984 4376 in
1018 4326 1187 4378 sanctorum
1221 4326 1343 4379 tuorum

135 4397 282 4457 natalitiis
298 4407 481 4459 recensentes
497 4402 654 4473 offerimus,
670 4407 700 4458 et
717 4400 838 4459 vincula
858 4407 966 4459 nostrae
982 4402 1138 4478 pravitatis
1152 4401 1297 4474 absolvat,
1312 4408 1343 4460 et

138 4483 199 4538 tua
212 4479 298 4537 nobis
310 4481 516 4542 misericordia
530 4482 608 4540 dona
621 4482 764 4541 conciliet.
807 4483 873 4540 Per.
