2946 5002
321 363 504 449 Fropmeot
519 363 558 448 os
575 384 598 427 ιι
612 358 733 428 Miscet
748 364 787 449 of
804 363 853 430 tn
876 363 934 430 Uoc
948 364 988 451 of
1004 363 1155 431 lincoln.
1272 367 1335 430 345

181 599 184 605 ’
248 600 252 605 ’
373 600 376 604 ’
564 595 726 654 D'onnncn
747 594 898 655 Snonnni.

201 686 342 762 Officium.

198 767 331 845 Populus
349 769 429 833 Sion.
445 787 510 827 ecce
527 768 675 827 Dominus
689 769 788 827 reniet
801 769 838 827 ad
852 770 1005 828 solvendos
1017 776 1138 847 gentes:
1159 776 1189 828 et
1203 769 1335 829 auditam

140 848 229 906 saciet
243 849 390 907 Dominus
403 849 527 926 gloriam
540 850 621 907 vocis
635 869 694 907 suae
709 849 741 905 in
754 850 860 907 laetitia
872 850 968 908 cordis
980 852 1080 909 vestri

143 941 171 1000 V.
196 941 256 1011 Qui
268 942 345 1019 regis
359 942 460 1014 Israel,
475 941 617 1000 intende:
638 942 691 1018 qui
703 942 821 1001 deducis
835 943 919 1001 velut
933 963 1018 1002 ovem
1031 944 1053 1001 J
1054 944 1151 1020 oseph.

198 1023 299 1080 Gloria
313 1023 405 1082 Patri.

198 1115 320 1272 {31}ae-
361 1200 466 1273 omine,
483 1201 571 1258 eorda
583 1207 685 1258 nostro
698 1201 736 1258 ad
749 1201 954 1277 praeparandas
967 1200 1126 1279 Unigeniti
1139 1202 1186 1259 tui
1199 1202 1278 1263 viss:
1296 1209 1333 1262 ut

137 1299 191 1358 per
212 1282 276 1356 ejus
298 1281 460 1339 adventum
483 1282 646 1358 purificatis
669 1281 727 1338 tibi
750 1282 902 1341 montibus
925 1283 1035 1340 servire
1058 1301 1229 1341 mereamur.
1272 1283 1333 1355 Qui

137 1367 236 1420 tecum
248 1362 327 1420 vivit
340 1368 370 1421 et
383 1368 488 1440 regnat
501 1363 591 1420 Dens.

193 1458 337 1518 Memorio
350 1460 385 1517 de
399 1460 480 1518 beato
492 1459 603 1518 Maria.
648 1458 757 1517 Oratio.
801 1460 892 1532 Dens,
907 1460 960 1537 qui
973 1460 1009 1519 de
1022 1462 1116 1519 beatae
1130 1462 1243 1520 Merite.

194 1556 340 1616 Meowrr'o
353 1558 388 1614 de
401 1557 534 1615 monibus
546 1556 672 1615 Soletis.
716 1555 827 1616 Oratio.

195 1636 334 1706 Concede,
345 1656 521 1714 quaesumus,
535 1637 720 1713 omnipotens
733 1637 825 1710 Dens,
839 1643 875 1695 nt
888 1639 975 1696 inter.

194 1733 313 1793 Lectio*
326 1734 464 1810 Epistoloe
477 1733 520 1792 ad
530 1734 678 1792 Bonmnos
693 1735 756 1806 (oco.
769 1734 867 1813 -4-13)

136 1814 331 1953 flandriam:
365 1814 563 1890 Quaecumque
590 1813 699 1890 scripta
726 1821 797 1872 sunt
823 1835 912 1890 usque
939 1817 980 1873 od
1006 1822 1037 1872 ct
1063 1816 1176 1875 virtute
1204 1816 1331 1893 Spiritds

197 1992 330 2051 Cradok.
374 1993 423 2050 Ex
437 1991 508 2050 Sion
520 1993 629 2068 species
642 1992 754 2050 decoris
767 1994 848 2069 ejus:
869 1992 952 2051 Deus
964 1993 1118 2051 manifeste
1131 1994 1238 2053 veniet

87 2107 89 2112 ·
139 2085 168 2144 V.
202 2085 384 2162 Congregote
407 2083 454 2142 illi
476 2090 577 2143 sancto
598 2085 681 2160 ejus:
714 2085 766 2162 qui
790 2085 1002 2143 ordinavernnt
1028 2091 1240 2144 testamentum
1265 2088 1329 2164 ejus

136 2185 224 2242 snper
243 2165 391 2224 sacrificio

194 2259 342 2335 Alleluyo.
391 2258 421 2315 V.
445 2257 578 2315 Lsetatus
598 2277 664 2315 sum
678 2257 711 2314 in
724 2257 770 2316 his
783 2277 849 2334 quoe
863 2257 943 2317 diota
956 2266 1026 2316 sunt
1040 2258 1133 2318 mihi:
1156 2259 1195 2317 In
1209 2259 1330 2318 domum

137 2339 260 2398 Domini
272 2339 387 2398 ibimus.

194 2435 357 2510 Sequentia.

255 2515 442 2594 Regnentem
455 2515 633 2591 sempiterna

256 2597 314 2654 Per
327 2595 432 2654 soeculo
445 2601 616 2672 susceptura

256 2677 365 2735 Concio
378 2677 483 2735 devote
497 2695 645 2753 concrepa,

256 2757 382 2816 Auctori
395 2757 541 2816 reddendo
555 2757 655 2815 debito
669 2776 676 2814 ι

256 2840 351 2908 Quem
360 2839 492 2915 jubilant
505 2839 623 2914 agmina
635 2837 742 2909 coelico,
758 2838 821 2914 ejus
835 2837 923 2894 vultu
937 2836 1118 2895 exhilarate:

256 2921 351 2989 Quem
365 2925 521 2996 expectent
535 2919 634 2976 omnio
647 2925 751 2993 terreo,
766 2919 830 2995 ejus
843 2924 921 2976 nutu
935 2918 1139 2991 examinanda,

256 3000 433 3058 Districtum
447 2999 485 3058 ad
494 2999 615 3076 judicio,

255 3081 438 3140 Clementem
450 3081 483 3138 in
496 3082 637 3157 potentie.

255 3162 320 3220 Tuo
332 3182 386 3219 nos
399 3161 487 3234 selva,
504 3159 629 3235 Christe,
644 3159 810 3231 clementis,
826 3166 946 3238 propter
960 3179 1032 3237 quos
1046 3179 1147 3236 possus
1160 3179 1191 3218 es
1204 3160 1276 3218 dire.

254 3243 305 3300 Ad
319 3242 381 3319 poli
393 3248 473 3300 astro
486 3241 607 3299 subleva
620 3241 724 3312 nitido,
738 3240 813 3317 iqui
827 3241 911 3299 sorde
923 3241 1013 3318 tergis
1027 3240 1162 3311 saecule†

255 3323 368 3380 Infinat
382 3322 460 3380 solus
473 3341 543 3380 vere
554 3341 563 3394 3
583 3322 677 3398 effuge
689 3321 825 3398 periculo.

255 3403 363 3461 Omnia
377 3410 411 3461 nt
424 3403 484 3460 sint
498 3402 615 3475 munda,
629 3401 728 3461 tribue
742 3402 878 3478 pacifice3

255 3485 302 3543 Ut
313 3485 362 3542 hic
375 3490 428 3542 tua
440 3483 515 3542 solvi
527 3483 725 3541 misericordia

254 3565 330 3623 Laeti
343 3584 433 3642 regne
445 3570 512 3642 post
524 3563 662 3622 adeamus
675 3583 788 3640 supero,

255 3647 320 3716 Quo
333 3665 437 3722 regnes
451 3644 556 3702 soeculo
568 3663 621 3721 per
635 3645 761 3703 infinita.

193 3768 360 3826 Secundum
373 3766 485 3824 meon
498 3764 573 3843 (cnr
590 3765 705 3843 2523)

194 3849 233 3906 In
254 3849 306 3906 illo
328 3855 467 3924 tempore,
493 3846 582 3903 Dixit
605 3847 694 3904 Jesns
716 3846 866 3922 discipulis
890 3846 960 3916 suis,
983 3845 1083 3903 Ernnt
1106 3843 1190 3922 signa
1211 3845 1243 3902 in
1266 3843 1327 3903 solo

133 3950 223 4005 sisque
236 3931 277 3986 od
292 3930 382 3987 verbo
395 3934 494 3986 autem
508 3947 573 3985 mea
586 3947 647 3985 non
659 3929 814 3986 transient

194 4025 535 4180 gffeeddfqdiimdonvertens
555 4105 717 4178 vivificabis
738 4125 810 4162 nos:
834 4110 865 4161 et
884 4103 967 4180 plebs
987 4108 1040 4160 tue
1059 4102 1210 4160 loetabitur
1229 4102 1262 4160 in
1281 4108 1325 4161 te:

134 4188 253 4247 ostende
265 4188 359 4261 nobis,
376 4187 511 4258 Domine,
527 4185 756 4244 misericordiam
769 4201 860 4257 triam,
875 4191 907 4242 et
920 4184 1048 4242 solutore
1062 4189 1149 4240 tunm
1161 4183 1199 4241 da
1212 4183 1304 4241 nobie

191 4369 204 4392 '¹
219 4368 254 4412 At
271 4365 322 4412 side
339 4366 414 4426 (seme
428 4364 513 4425 hond),
526 4365 576 4408 “Io
590 4364 694 4409 Adventu
707 4362 771 4408 trullo
784 4361 898 4422 Praefatio
913 4362 1010 4419 dicatur,
1025 4360 1071 4407 ιιίιὶ
1086 4361 1226 4422 quotidiano,
1241 4361 1286 4408 nisi
1301 4360 1326 4408 is

134 4426 207 4476 Fertis
219 4424 375 4485 Apostolorum
385 4431 406 4470 et
416 4423 484 4470 beate
500 4423 620 4484 Virpisost’

190 4499 203 4558 †
218 4495 342 4555 Mil-qni
353 4494 422 4542 sorde
431 4494 506 4553 torgis
516 4494 622 4540 crimine.
