2946 5002
556 357 561 363 -
606 313 702 379 Festa
727 312 879 378 Octobris.

265 529 305 586 Iu
325 546 378 587 um
398 545 616 589 urosrocoauu
637 530 764 587 Sinonis
785 546 822 586 nr
841 529 943 586 Juon.
989 529 1028 600 (v.
1045 530 1114 587 Kal.
1132 528 1225 604 Nov.)

208 655 348 731 Officium.
390 660 469 718 Mihi
480 666 587 718 autem.

207 738 316 796 Oratio.

206 818 296 890 Deus,
322 821 448 896 quinos
469 841 522 897 per
548 821 648 878 beatos
671 819 818 896 apostolos
840 826 909 876 tuos
936 818 1086 878 Simonem
1109 825 1140 878 et
1162 819 1276 878 Judam
1300 819 1337 876 ad

145 899 325 974 agnitionem
338 901 386 957 tui
398 903 526 958 nominis
539 901 641 958 venire
654 902 796 973 tribuisti,
812 901 850 957 da
870 900 954 957 nobis
975 919 1076 959 eorum
1096 901 1221 976 gloriam
1235 902 1339 978 sempi-

144 985 260 1037 ternam
273 990 304 1038 et
316 982 494 1058 proficiendo
507 982 660 1054 celebrare,
675 987 706 1038 et
718 981 891 1039 celebrando
899 980 1047 1057 proficere.
1091 982 1150 1040 Per
1163 982 1338 1039 Dominum.

205 1060 347 1137 Epistola.
389 1062 503 1120 Scimus
516 1063 655 1138 quoniam
668 1061 860 1138 diligentibus
873 1062 978 1119 Deum.

208 1141 342 1200 Gradaie.
385 1142 484 1200 Nimis
497 1143 641 1200 honorati.

205 1221 353 1299 Alleluya.
402 1223 432 1281 V.
455 1223 494 1280 In
508 1229 754 1280 omnemterram.

205 1300 366 1377 Sequentia.
410 1303 496 1361 Olare
510 1310 685 1376 sanctorum,
701 1313 735 1360 at
748 1304 781 1360 ia
797 1302 962 1364 Coram-urzi.

205 1383 406 1457 anapeiiaaa.
449 1384 524 1441 Haeo
537 1385 644 1441 mando
657 1385 749 1441 vobis.

207 1461 399 1536 Offlrtoriam.
442 1465 480 1521 In
494 1484 611 1523 omnem
624 1471 743 1522 terram.

205 1543 326 1602 Secreta.

205 1623 344 1696 Gloriam,
373 1624 509 1697 Domine,
537 1632 704 1683 sanctorum
730 1627 930 1702 apostolorum
958 1626 1086 1685 Simonis
1113 1632 1144 1684 et
1163 1626 1252 1685 Judae
1272 1645 1339 1702 per-

143 1710 263 1780 petuam
289 1711 472 1776 venerantes,
500 1725 675 1782 quaesumus,
707 1712 742 1763 ut
769 1707 891 1764 eandem
917 1708 1007 1765 saeris
1040 1707 1190 1784 mysteriis
1224 1707 1338 1783 expiati

144 1785 262 1862 dignius
275 1786 460 1844 celebremus.
501 1786 560 1844 Per
572 1787 743 1844 Dominum.

204 1865 385 1925 Communia.
427 1866 491 1924 Vos
504 1868 557 1943 qui
569 1867 663 1925 secuti
676 1868 753 1927 estis.

203 1947 444 2005 Postcoramaaio.

203 2026 361 2104 Perceptis,
378 2028 514 2100 Domine,
529 2029 719 2086 sacramentis
741 2029 885 2106 supplices
918 2036 948 2087 te
972 2049 1117 2107 rogamus,
1138 2035 1173 2087 ut
1193 2029 1338 2088 interced-

143 2107 262 2166 entibus
285 2109 380 2166 beatis
403 2109 543 2184 apostolis
564 2110 624 2167 tuis
652 2109 772 2167 Simone
794 2117 824 2167 et
846 2109 935 2182 Juda,
959 2130 1024 2186 quae
1042 2131 1096 2189 pro
1116 2111 1236 2168 illorum
1251 2131 1339 2169 vene·

142 2188 235 2246 rande
247 2189 376 2263 gerimus
388 2190 530 2265 passione,
544 2189 629 2247 nobis
642 2190 797 2275 proficiant
810 2191 848 2248 ad
861 2190 1011 2248 medelam.
1055 2193 1122 2250 Per.

277 2381 390 2440 Saron
411 2383 565 2454 Granum,
588 2383 728 2442 Oneum
750 2402 894 2443 anscori.
939 2385 993 2462 (iii.
1011 2386 1080 2444 Kal.
1098 2387 1189 2464 Nor.)

203 2511 344 2587 Officium.
387 2512 510 2571 Statuit.

201 2593 310 2651 Oratio.
352 2593 409 2664 Da,
424 2604 598 2670 quaesumus.

200 2674 340 2749 Epistol.
383 2675 458 2733 Ecce
471 2677 612 2733 sacerdos.

201 2753 334 2812 Gradale.
378 2755 514 2827 Domine,
530 2757 708 2832 praevenisti.

147 2830 150 2836 ’
199 2834 347 2910 Alleluya.
396 2836 425 2894 V.
447 2836 555 2894 Justus
567 2836 753 2912 germinabit.

198 2914 398 2989 Evangelium.
441 2916 542 2973 Homo
554 2917 674 2993 quidam
687 2936 814 2994 peregre.

201 2994 393 3069 Offlrtoriam.
436 2996 565 3054 Veritas.

199 3075 378 3136 Oorcmaaio.
421 3077 531 3136 Beatus
544 3098 654 3136 servus

282 3281 321 3339 In
341 3281 471 3339 Vrania
492 3281 624 3340 Onnrun
644 3281 856 3340 Snucrosuuff‘
897 3279 1078 3355 (Prima
1095 3280 1188 3358 Nov.)

198 3411 233 3469 Si
240 3410 297 3469 bac
316 3411 422 3487 Viqiiia
435 3412 481 3469 die
491 3412 648 3469 Dominica
661 3412 789 3481 creauit,
797 3412 856 3486 fiat
868 3420 983 3468 taratara
996 3410 1140 3468 Memoria
1149 3409 1337 3486 daMartyri

138 3494 190 3550 bas
199 3502 224 3550 et
232 3492 327 3550 Missa
335 3493 370 3550 de
384 3491 531 3566 Vipiiiaia
541 3492 693 3568 Capitol&
708 3496 794 3567 etfiat
803 3513 868 3549 cara
877 3491 1019 3549 Gloriain
1028 3492 1149 3549 excelsis
1158 3501 1183 3549 et
1193 3492 1333 3569 Alleluya

138 3583 163 3631 et
185 3572 279 3631 Credo
301 3582 327 3630 et
348 3572 526 3647 Praejbtioae
548 3573 701 3644 mmmaai,
717 3574 765 3630 sed
786 3573 847 3629 sirac
868 3572 1031 3647 Sequentia.
1074 3573 1114 3629 Et
1134 3581 1226 3630 toturn
1246 3575 1332 3630 servi

137 3655 213 3710 tiara
226 3654 350 3728 dioiflat
368 3654 401 3710 ota
423 3653 579 3710 Dorciaica
589 3675 602 3722 ,¹
622 3662 648 3709 at
667 3653 803 3710 similiter
817 3656 876 3726 fiat
889 3653 923 3709 ia
941 3653 1074 3711 omnibus
1102 3652 1216 3727 Vipiliis
1233 3652 1335 3712 diebus

136 3734 300 3792 Dominicis
333 3733 569 3808 coatiapeatibas,
596 3743 709 3810 accepta
748 3733 853 3808 Vipilia
886 3733 1062 3791 Natiuitatis
1094 3734 1218 3791 Domini
1244 3735 1272 3792 si
1298 3735 1332 3792 ia

136 3814 295 3872 Dominica
308 3814 466 3883 coatiapat.

198 3895 335 3970 Qfficiaaa
379 3895 493 3952 Timete
507 3894 678 3951 Dominum.

199 3976 308 4034 Oratio.

196 4057 323 4114 Domine
334 4057 416 4114 Deus
430 4060 538 4129 noster,
553 4055 718 4132 multiplica
738 4075 826 4132 super
845 4075 899 4114 nos
911 4058 1037 4133 gratiam
1052 4064 1144 4130 tuam,
1160 4061 1190 4114 et
1205 4076 1331 4132 quorum

193 4202 206 4229 ⁴*
221 4200 274 4246 MS.
290 4201 379 4246 D.-st
394 4201 440 4247 bec
460 4200 544 4260 reputa
559 4215 651 4272 repuens
666 4200 691 4246 ia
706 4201 828 4248 Daniaica
841 4203 944 4260 commit,
960 4203 1051 4250 <ticcam¹
1066 4203 1143 4250 Missa
1159 4205 1186 4250 de
1206 4203 1291 4264 Vigilia
1305 4206 1331 4251 ia

136 4259 249 4318 Capitate,
257 4266 283 4305 rt
292 4260 359 4321 infra
367 4266 466 4317 aratur,
475 4275 525 4306 cum
534 4260 618 4319 Kyme,
629 4260 712 4306 Gloria
720 4261 746 4305 iu
759 4261 869 4318 excelsis,
880 4262 984 4308 Sanctus
993 4269 1014 4309 et
1023 4263 1120 4322 Agnus,
1130 4269 1155 4309 ut
1164 4264 1188 4309 ia
1202 4279 1330 4310 cannamo-

133 4318 221 4364 ratioae
230 4319 295 4364 Petri
305 4325 326 4364 et
335 4318 410 4364 Pauli.
441 4319 499 4364 Dua
508 4318 614 4365 &catur
622 4319 747 4376 Oratione,
756 4325 782 4364 at
791 4319 856 4380 try'ra
867 4327 965 4378 rotator,
975 4327 997 4366 et
1006 4328 1059 4368 tuac
1068 4323 1101 4367 ad
1197 4337 1219 4367 m
1233 4323 1331 4368 Mitem

134 4377 290 4423 deDaataica
335 4383 442 4422 ttootum
457 4392 504 4424 aaa
523 4378 609 4436 Oratio,
619 4385 640 4425 et
657 4377 747 4424 dicatur
762 4379 873 4440 Alleluya
888 4385 910 4426 et
926 4380 1012 4439 Credo,
1025 4380 1066 4427 aed
1079 4381 1128 4429 sirie
1159 4381 1270 4442 equata,
1280 4397 1330 4429 eum

132 4434 275 4496 Prasotioae
324 4435 445 4484 Carmani.
