2946 5002
141 332 203 397 326
348 327 470 394 Missa-l
486 327 594 413 Offices
609 327 705 412 from
720 325 769 392 tte
783 326 921 412 Baogror
934 325 1129 410 Pontifioal.

703 515 779 572 VII.

231 631 320 696 ORDO
341 635 599 690 Bunnmcrlont'n
621 633 849 691 Emscoranwn
871 650 903 690 IN
925 633 1032 692 Fnsms
1053 633 1251 694 Sacrorum.-

384 751 412 807 8.
430 750 581 826 Stephani.

384 832 412 889 S.
429 831 586 902 Johannis,
606 830 802 908 evangelistae.

386 911 437 970 SS.
454 911 674 969 Innocentium.

387 992 416 1050 8.
433 992 562 1065 Thomae,
577 992 724 1068 martyris.

387 1074 416 1131 8.
433 1071 578 1144 silvestri,
593 1093 684 1149 papae.

387 1153 416 1211 8.
431 1153 570 1225 Andreat,
585 1154 618 1210 in
631 1153 734 1230 vigilia
748 1159 778 1211 et
791 1152 824 1210 in
837 1154 892 1211 die.

387 1234 416 1292 8.
433 1234 560 1294 Nicolai.

385 1315 425 1373 In
439 1315 637 1391 conceptione
650 1315 744 1372 beatae
757 1315 861 1372 Mariae
875 1315 1019 1394 Virginis,

386 1395 414 1453 S.
431 1396 540 1453 Luciae.

270 1532 273 1537 .
385 1476 414 1534 8.
430 1476 559 1549 Thomae,
575 1476 708 1552 apostoli.

385 1556 437 1615 88.
453 1557 586 1634 Philippi
600 1563 631 1615 et
644 1557 758 1615 Jacobi.

384 1638 424 1695 In
438 1638 616 1696 Inventione
630 1644 738 1695 sanctae
753 1638 864 1696 Crucis.

385 1718 413 1777 8.
429 1719 450 1777 J
451 1719 577 1777 ohannis
591 1724 662 1776 ante
676 1718 799 1776 Po1tam
814 1719 961 1776 Latinam.

384 1800 413 1859 8.
430 1800 586 1857 Michaelis
599 1800 632 1857 in
647 1800 754 1857 Monte
767 1799 890 1858 Tumba.

385 1880 413 1938 8.
431 1881 591 1938 Dunstani.

383 1961 423 2018 In
437 1961 642 2019 Translatione
656 1960 684 2020 8.
701 1960 859 2019 Francisci.

384 2041 413 2102 8.
428 2042 601 2119 Augustini,
615 2041 784 2118 Anglorum
797 2042 1013 2119 archiepiscopi.
1112 2044 1119 2059 ⁰

383 2123 412 2181 8.
429 2123 582 2194 Barnabae,
597 2122 732 2199 apostoli.

383 2204 411 2261 8.
427 2204 566 2274 Antonii,
581 2203 761 2261 confessoris.
968 2255 970 2258 ,

382 2285 410 2342 S.
427 2284 448 2342 J
450 2284 574 2341 ohannis
587 2284 739 2360 Baptistae,
750 2285 783 2340 in
797 2284 898 2361 vigilia
911 2291 941 2342 et
954 2285 987 2342 in
1000 2285 1057 2343 die.

287 2426 293 2437 ,
381 2364 432 2425 88.
449 2365 533 2422 Petri
546 2372 576 2423 et
590 2364 685 2437 Pauli,
700 2364 733 2421 in
746 2365 848 2441 vigilia
861 2372 892 2423 et
905 2364 937 2422 in
951 2366 1006 2424 die.

381 2446 421 2503 In
435 2445 722 2504 Commemoratione
736 2445 764 2503 8.
781 2445 877 2504 Pauli.

381 2527 420 2584 In
433 2527 639 2585 Translatione
653 2526 681 2585 S.
696 2526 825 2599 Thomae,
840 2527 986 2605 martyris.

381 2608 409 2666 8.
427 2608 613 2685 Margaretae.
801 2620 805 2625 '

381 2689 409 2746 8.
428 2689 533 2746 Mariae
547 2689 740 2765 Magdalenae.

381 2769 409 2827 S.
425 2769 448 2827 J
448 2771 541 2839 acobi,
557 2769 691 2846 apostoli.

379 2850 431 2908 Ad
445 2851 566 2908 vincula
581 2851 609 2907 S.
626 2850 719 2907 Petri.

380 2931 419 2988 In
433 2930 615 2988 Inventione·
627 2931 655 2987 8.
673 2929 817 3005 Stephani

380 3011 408 3069 S.
426 3011 586 3084 Dominici,
601 3010 784 3068 confessoris.

379 3093 407 3150 S.
424 3092 588 3165 Laurentii,
602 3093 635 3148 in
648 3091 752 3168 vigilia
765 3099 795 3150 et
809 3091 842 3147 in
855 3091 910 3148 die.

381 3174 409 3231 S.
427 3173 530 3231 Clarae.

379 3255 419 3312 In
432 3254 547 3331 Vigilia
560 3260 591 3312 et
604 3255 638 3311 in
653 3253 702 3312 die
715 3252 947 3329 Assumptionis.

379 3336 407 3393 8.
425 3335 581 3393 Bernardi.

379 3417 407 3474 S.
425 3415 644 3474 Bartholomaei.

378 3497 406 3555 S.
422 3497 597 3574 Augustini,
614 3497 741 3554 doctoris
755 3495 865 3554 eximii

378 3578 417 3635 In
432 3578 634 3636 Decollatione
647 3578 674 3635 8.
691 3576 713 3634 J
715 3577 841 3634 ohannis
854 3576 998 3652 Baptista.

379 3658 418 3715 In
432 3659 602 3716 Nativitate
616 3659 645 3719 8.
657 3658 770 3715 Mariae.

378 3740 418 3797 In
432 3739 623 3796 Exaltatione
638 3739 666 3796 S.
678 3738 789 3796 Crucis.

379 3820 407 3878 S.
425 3820 572 3891 Matthaei,
588 3819 783 3896 evangelistae.

378 3901 407 3959 8.
424 3900 588 3973 Michaelis,
604 3900 781 3976 archangeli.

379 3983 408 4040 8.
425 3981 612 4057 Hieronymi,
628 3980 806 4038 confessoris.

378 4063 407 4122 8.
424 4062 584 4133 Francisci,
599 4062 775 4119 confessoris

378 4143 407 4203 8.
424 4143 562 4219 Dionysii
575 4143 776 4218 sociorumque
790 4143 860 4219 ejus.

378 4225 407 4282 8.
424 4224 573 4295 Edwardi,
588 4223 674 4300 regis.

379 4305 407 4366 S.
424 4306 521 4376 Lucae,
536 4305 731 4382 evangelista.

378 4386 429 4444 88.
447 4386 576 4444 Simonis
589 4392 619 4444 et
637 4385 734 4444 Judae.

379 4467 520 4525 Omnium
535 4466 718 4540 Sanctorum,
733 4466 767 4525 in
779 4464 882 4543 vigilia
895 4463 972 4521 etin
986 4462 1042 4521 die.
1131 4512 1134 4517 .
