2946 5002
633 337 729 402 Festo
742 335 843 403 Maii.
1300 342 1342 404 33

211 505 313 563 Oratio.

206 587 290 658 Deus,
305 586 358 662 qui
370 605 425 643 nos
437 605 537 643 annua
557 585 757 662 apostolorum
778 591 900 642 tuorum
919 584 1052 662 Philippi
1065 592 1096 644 et
1109 585 1131 643 J
1132 585 1216 644 acobi
1229 584 1343 644 sollem-

156 667 235 724 nitate
247 667 396 739 laetificas,
415 674 531 744 praesta,
542 685 719 742 quaesumus,
731 671 767 723 ut
780 685 908 742 quorum
920 666 1081 744 gaudemus
1094 667 1217 737 meritis,
1231 667 1342 725 instru-

155 765 227 806 amur
238 747 391 824 exemplis.
435 747 501 804 Per.

202 841 297 898 Lectio
311 841 381 898 libri
393 839 547 916 Soqrientia
561 839 603 917 (o.
622 839 695 916 1-5).

201 919 332 979 Stabunt
354 922 432 997 justi
457 922 490 978 in
518 940 626 998 magna
652 921 819 978 constantia
846 939 937 996 acque
964 923 1005 980 od
1028 921 1108 978 inter
1135 927 1251 980 sanctos
1277 941 1340 979 sors

149 1001 257 1060 illorum
271 1009 323 1060 est.

199 1083 347 1159 Alleluya.
397 1084 426 1143 V.
450 1083 581 1140 Stabunt
589 1082 674 1158 justi,
690 1083 724 1139 ia
739 1081 898 1141 Communi
905 1082 1108 1158 plurimorum
1122 1091 1296 1158 martyram.

198 1163 348 1240 Alleluya.
397 1165 426 1222 1⁷.
449 1164 498 1221 Ite
511 1164 658 1234 nuntiate,
673 1184 768 1238 quare
781 1164 815 1220 ia
828 1163 911 1221 Festo
920 1163 1021 1221 sancti
1033 1164 1133 1222 Marci
1145 1164 1341 1239 cramalium

146 1245 183 1302 uel
193 1247 228 1302 dc
241 1245 425 1316 Asccnsiooe,
439 1245 467 1302 oi
481 1254 593 1320 tempas
606 1244 733 1320 eoeperit.

197 1324 363 1400 Sequentia.
405 1324 549 1400 Alleluya
561 1345 641 1382 nunc
655 1325 837 1396 decantetur,
852 1335 886 1382 at
899 1326 934 1384 in
949 1324 1106 1386 Communi
1115 1325 1318 1403 apostoloram.

197 1417 366 1478 Secundam
379 1417 406 1474 J
404 1419 546 1477 ohannem
559 1418 633 1496 (cciv.
652 1419 751 1494 1-13).

200 1499 238 1556 In
266 1500 319 1556 illo
342 1507 484 1577 tempore,
509 1500 600 1557 Dixit
626 1498 715 1557 Jesus
738 1499 890 1576 discipulis
917 1500 996 1559 suis:
1026 1501 1098 1558 Non
1124 1501 1263 1558 turbetur
1290 1518 1340 1557 cor

144 1586 271 1639 vestrum
285 1601 377 1656 casque
391 1583 431 1640 od
444 1581 500 1639 hoc
513 1581 626 1639 faciam.

199 1662 303 1722 Credo

200 1741 391 1816 Offlrtoriom.
436 1743 672 1814 Oonfitcbuntur,
688 1761 781 1817 qaaere
795 1743 829 1800 ia
841 1743 926 1801 Festo
939 1744 1035 1802 eoacti
1049 1742 1172 1818 Georoii.

198 1824 320 1883 Secreta.

199 1905 336 1975 Munera,
352 1905 489 1976 Domine,
505 1925 570 1980 quae
591 1923 645 1980 pro
666 1903 867 1979 apostolorum
890 1914 1010 1961 tuorum
1031 1903 1166 1980 Philippi
1179 1908 1211 1960 et
1230 1903 1338 1962 Jacobi

143 1985 337 2044 sollemnitate
350 1986 520 2057 deferimus,
535 1985 682 2061 propitius
696 1985 828 2062 suscipc3
849 1992 879 2042 et
901 1985 979 2042 mala
998 1985 1099 2043 omnia
1112 2004 1178 2060 quae
1192 2003 1340 2042 meremur

143 2073 246 2124 averte.
291 2068 357 2124 Per.

197 2147 350 2223 Praefatio.
393 2147 435 2204 Et
452 2155 492 2218 te,
508 2146 645 2217 Domine,
660 2145 840 2222 suppliciter.

199 2227 381 2287 Coruncanio.

197 2310 294 2368 Tanto
307 2316 440 2385 tempore
453 2309 605 2366 vobiscum
625 2327 700 2379 sum,
716 2313 746 2364 et
760 2327 820 2365 non
840 2307 1019 2384 cognovistis
1039 2327 1094 2378 me,
1110 2306 1266 2385 Philippa:
1287 2308 1340 2383 qui

142 2390 218 2447 videt
232 2411 289 2462 me,
300 2392 384 2448 videt
397 2396 428 2448 et
442 2391 572 2460 Patrem,
583 2389 729 2464 alleluya:
750 2409 811 2447 non
825 2390 919 2447 credis
932 2391 1002 2466 quia
1015 2389 1048 2446 in
1063 2389 1153 2447 Patre
1164 2395 1194 2446 et
1208 2388 1298 2446 Pater
1307 2388 1340 2445 in

141 2490 184 2528 me
198 2477 251 2544 est,
267 2472 404 2546 alleluya,
419 2471 554 2547 alleluya.

195 2562 461 2624 Ιόεισοφητηῑιηιό)ε

197 2646 383 2719 Quaesumus,
411 2645 548 2716 Domine,
570 2645 750 2703 salutaribus
772 2644 878 2720 repleti
899 2642 1056 2719 mysteriis,
1076 2649 1112 2701 ut
1137 2622 1263 2720 quobrm
1284 2643 1341 2700 sol-

140 2725 245 2785 lemnia
258 2728 450 2798 celebramus,
465 2746 566 2784 eorum
581 2724 860 2784 intercessionibus†
873 2725 1056 2801 adjuvemur.
1100 2724 1159 2782 Per
1175 2724 1340 2782 Dominum

141 2814 279 2866 nostrum.

328 2967 368 3025 Iu
389 2968 580 3025 Iuvnurronn
601 2983 723 3026 smera
744 2967 866 3025 Oauors.
911 2966 951 3046 (v.
969 2966 1048 3025 Non.
1063 2965 1150 3044 Mai)

196 3097 339 3172 Officium.

194 3179 259 3236 Nos
279 3184 380 3236 autem
400 3177 520 3254 gloriari
541 3183 659 3252 oportet
678 3177 712 3235 in
732 3196 816 3234 cruce
837 3176 961 3233 Domini
974 3177 1069 3234 nostri
1078 3177 1152 3236 Jesu
1167 3176 1289 3249 Christi,
1304 3178 1337 3234 in

137 3279 191 3336 quo
214 3266 260 3318 est
278 3259 365 3332 salua,
385 3261 458 3330 vita,
479 3264 510 3316 et
526 3259 702 3316 resurrectio
724 3263 832 3331 nostra,
848 3278 902 3335 per
922 3277 1011 3334 quem
1032 3258 1140 3316 salvati
1164 3264 1195 3315 ct
1218 3258 1338 3316 liberati

138 3360 243 3412 sumus,
258 3340 395 3416 alleluya,
411 3340 547 3416 alleluya.

192 3421 339 3479 Prolatus.

193 3502 276 3560 Deus
296 3502 470 3559 misercatur
483 3502 585 3572 nostri,
601 3507 632 3558 et
644 3501 800 3559 benedicat
816 3501 918 3558 nobis:
939 3500 1090 3558 illuminet
1109 3500 1228 3557 vultum
1248 3518 1336 3556 suum

136 3603 220 3660 super
232 3603 295 3653 nos,
311 3590 342 3640 et
355 3585 529 3641 misereatur
541 3584 644 3640 nostri

196 3664 306 3722 Oratio.

193 3746 284 3816 Deus,
310 3745 416 3821 quiin
442 3745 583 3823 praeclara
608 3744 768 3801 salutiferae
791 3743 885 3801 crucis
910 3742 1084 3800 inventione
1107 3741 1250 3818 passionis
1273 3746 1334 3798 tuae

136 3826 273 3884 miracula
287 3826 453 3884 suscitasti:
474 3826 599 3883 concede
612 3832 648 3882 ut
661 3825 762 3882 vitalis
775 3824 851 3901 ligni
870 3825 966 3901 pretio
980 3829 1097 3881 aeternae
1111 3821 1181 3879 vitae
1195 3822 1335 3899 suffragia

136 3925 352 3983 consequamur.
397 3907 457 3976 Qui
469 3907 554 3964 vivis.

193 4001 243 4059 Ad
258 4001 381 4059 Galatas
394 4001 436 4078 (o.
455 4001 542 4057 10-12
552 4021 561 4072 3
581 4000 618 4059 oi.
637 3999 752 4076 12-14).

155 4099 157 4104 ·
193 4083 331 4140 Fratres:
353 4081 476 4139 Confido
491 4082 527 4139 de
541 4081 624 4138 vobis
637 4082 671 4138 in
685 4080 814 4137 Domino
827 4099 919 4155 usqae
932 4080 973 4136 od
986 4084 1017 4136 et
1030 4096 1083 4152 ego
1096 4076 1216 4134 mundo.

195 4213 206 4236 *
222 4213 274 4256 MS.
283 4210 462 4256 D.—Pasclrale
472 4208 615 4268 mysterium
624 4211 777 4254 recensentes
788 4208 912 4254 beatorum
920 4205 1084 4265 apostolorum
1089 4205 1186 4248 tuorum
1197 4205 1303 4265 Philippi
1310 4209 1334 4252 et

138 4271 151 4315 J
153 4271 224 4329 scobi,
235 4272 347 4328 Domine,
357 4278 503 4328 quaesumus,
512 4266 625 4328 precibus
642 4267 773 4325 foveamur,
783 4281 885 4328 quorum
893 4264 1059 4323 magisterium
1068 4275 1185 4309 novemus
1200 4278 1335 4324 exsequen-

139 4329 335 4435 dumllsldiium.
426 4402 429 4406 ⁴

193 4466 206 4524 †
220 4461 481 4510 MSS-erationibus

120 4592 121 4596 ,
175 4556 239 4596 vot.
255 4556 289 4596 H.
725 4548 747 4589 D
