2946 5002
185 354 249 420 332
389 353 510 420 Misacl
533 353 641 441 Officos
656 355 750 442 from
764 355 814 421 tie
827 352 1168 440 BouporPoutifioul.

244 518 315 577 Haec
325 519 467 596 Praefatio
480 522 599 580 dicotur
610 522 645 579 im
661 521 768 596 Vipiiio
777 522 957 594 Pentecostes,
969 530 995 578 et
1008 521 1042 577 im
1055 521 1111 592 die,
1124 528 1149 577 et
1158 537 1213 595 per
1226 517 1378 576 bebdoma-

184 598 272 669 dom;
291 610 317 658 et
332 601 597 674 Communicantes,
612 603 746 661 similiter
755 627 764 662 :

244 680 370 739 AEternc
384 682 474 755 Deus,
489 684 541 759 qui
550 683 716 756 ascendens,
730 692 756 742 et
765 691 855 741 cetero
868 683 919 760 (ut
932 702 1032 758 amru,
1046 682 1102 740 vol.
1119 681 1137 740 i
1152 700 1180 756 p.
1199 680 1284 757 177).

244 760 336 836 Imfro
349 760 504 823 Cononem.
547 764 805 822 Communicantcs
818 769 849 821 et
862 763 940 822 diem
954 763 1141 835 celebrantes,
1156 771 1183 819 et
1196 769 1294 820 cetero.

245 841 334 900 Hanc
347 843 439 920 igitur
451 844 569 902 rimatur
582 854 617 902 ut
629 864 720 922 capro
733 845 768 903 im
777 844 899 902 Poaclm.
935 842 1010 903 Cum
1019 863 1083 901 uero
1088 846 1129 918 fit
1139 840 1376 912 cmaooemorotio,

185 923 226 980 cic
235 921 344 981 dieder
353 924 511 999 Praefatio:
530 923 760 995 quiescendum
773 945 860 1002 super
873 944 973 983 omnes
986 924 1070 982 caelos
1084 923 1244 999 sedensque
1257 921 1295 980 ad
1309 920 1379 979 dcx·

186 1009 279 1060 teram
293 1010 376 1062 tuam
389 1006 564 1083 promissum
578 1006 721 1083 Spiritum
737 1007 878 1064 Sanctum
891 1006 924 1063 in
937 1005 1013 1062 filios
1026 1004 1200 1081 adoptionis,
1214 1012 1241 1062 et
1254 1011 1353 1062 cetero.

246 1134 317 1192 Haec
340 1136 482 1211 Proefotio
503 1138 619 1195 dicutur
638 1138 672 1194 im
691 1138 738 1196 die
759 1137 873 1195 Somtoe
897 1137 1059 1209 Trinitatis,
1075 1145 1101 1195 et
1121 1135 1225 1194 aliiae
1245 1135 1380 1193 omuibus

187 1215 351 1274 Dominicis
373 1217 472 1275 diebus
489 1237 543 1296 per
566 1238 680 1276 anama
699 1219 818 1293 quoodo
838 1220 872 1276 de
890 1218 1047 1276 Dominioo
1060 1217 1168 1292 opiter,
1182 1216 1243 1274 uisi
1260 1215 1301 1273 od
1317 1214 1380 1272 lo-

186 1304 303 1354 vmtmm
316 1295 448 1371 Domini,
464 1307 490 1356 et
502 1299 537 1355 c'm
551 1297 825 1357 Commemoratiom
839 1299 1004 1371 Trinitatis,
1019 1307 1045 1356 et
1058 1298 1092 1356 im
1105 1296 1296 1373 Spmoaalibms
1304 1319 1315 1354 .·

246 1376 373 1436 AEterne
385 1377 476 1451 Deus,
491 1378 623 1455 quicum
638 1379 811 1456 Unigenito‚
827 1389 853 1438 et
866 1387 956 1438 cotom
969 1379 1021 1455 (at
1034 1398 1134 1454 supro,
1145 1377 1201 1435 vol.
1214 1378 1233 1434 i.
1246 1396 1274 1453 p.
1293 1374 1350 1434 178
1352 1374 1376 1453 )

248 1505 319 1565 Hoee
336 1506 478 1582 Proefotio
496 1507 614 1566 dicotur
625 1508 660 1565 im
681 1508 775 1567 Fastis
798 1509 933 1566 ommium
951 1507 1154 1583 Apostolorum
1174 1515 1200 1564 et
1213 1504 1381 1580 decapolis-

188 1594 296 1658 tarum,
311 1596 336 1645 et
344 1607 400 1663 per
414 1587 535 1647 Octavus
555 1589 749 1665 apostolorum
768 1590 850 1648 Petri
862 1598 889 1648 et
901 1589 1002 1661 Pauli,
1018 1598 1044 1647 et
1057 1589 1091 1647 ia
1106 1587 1220 1646 Octoom
1230 1585 1381 1645 Jobuomia

188 1667 373 1741 commotum,
388 1669 437 1727 sed
449 1689 510 1727 mou
522 1670 557 1728 im
569 1670 636 1728 die:

246 1747 477 1886 17³dterneDeus,
492 1755 568 1808 ette
586 1751 757 1828 suppliciter
774 1770 904 1822 exorare,
922 1759 948 1809 ct
966 1759 1057 1809 cotem
1076 1751 1131 1826 (ut
1151 1768 1251 1824 supro,
1269 1747 1328 1805 vcl.
1348 1745 1378 1803 ii.

247 1958 320 2017 Hoec
346 1958 490 2034 Praefatio
518 1962 635 2020 dicatum
655 1962 689 2019 im
711 1971 832 2037 atroque
853 1961 937 2020 Festo
957 1969 1063 2019 coactu
1084 1959 1235 2019 Cruciset
1255 1959 1380 2016 iucem

189 2039 392 2098 memoratione
405 2041 531 2116 ejauclcm
540 2067 550 2102 :

248 2119 375 2180 AEterne
385 2122 475 2195 Deus,
489 2123 541 2198 qui
555 2123 689 2196 salutem,
704 2132 730 2181 et
744 2132 834 2181 cetero
848 2123 1013 2200 (utsupra,
1028 2122 1085 2180 vol
1101 2122 1132 2179 ii.
1149 2142 1177 2198 p.
1196 2119 1279 2199 174).

248 2249 320 2307 Haec
332 2250 475 2326 Praefatio
488 2251 606 2310 dicotur
618 2253 652 2309 iu
666 2254 746 2310 omui
754 2252 838 2310 Festo
852 2262 878 2311 et
892 2251 1163 2312 commmoratur
1178 2251 1264 2308 beatae
1273 2247 1383 2306 Maria

189 2338 216 2388 ct
228 2349 285 2406 per
305 2330 423 2410 Octavus
443 2331 659 2408 Aeumptiouis
681 2343 708 2392 et
729 2333 905 2392 Natiuitatis
931 2333 1065 2408 ejusdcm.
1107 2330 1148 2390 In
1171 2330 1384 2405 Pmm'ficotiouc

191 2411 278 2469 beatae
291 2412 399 2470 Mam
414 2423 510 2477 tumea
523 2434 583 2472 mom
596 2414 719 2472 elicitum

250 2491 377 2550 AEtcrne
401 2493 491 2567 Deus,
516 2500 547 2552 et
567 2500 598 2552 te
621 2495 654 2551 in
677 2495 865 2553 veneratione
888 2495 980 2553 metae
1003 2493 1108 2550 Mariae
1126 2512 1240 2569 semper
1258 2489 1384 2568 virginis

190 2573 410 2631 exsultantibus
423 2575 529 2632 animis
542 2575 670 2648 laudare,
685 2585 711 2634 et
725 2585 815 2635 cotem
829 2575 881 2652 (at
893 2595 994 2651 supro,
1008 2573 1067 2632 vol.
1081 2574 1112 2632 ii.
1128 2593 1156 2651 p.
1173 2572 1256 2651 180).

251 2703 293 2760 Et
312 2703 377 2761 ideo
397 2724 464 2762 cum
484 2705 595 2781 angelis
611 2712 641 2763 et
664 2706 844 2784 archangelis
863 2725 931 2763 cum
951 2703 1066 2762 thronis
1083 2709 1114 2761 ct
1133 2702 1384 2762 dominationibus

191 2802 315 2858 cumque
329 2785 409 2842 omni
421 2785 529 2842 militia
541 2786 663 2844 caelestis
676 2788 823 2844 exercitus
836 2787 980 2862 hymnum
993 2784 1093 2863 gloriae
1105 2790 1166 2842 tuae
1179 2785 1310 2843 canimus
1320 2784 1384 2842 sine

191 2863 250 2924 fine
263 2865 410 2923 dicentes:
432 2865 565 2937 Sanctus,
581 2866 714 2938 Sanctus,
730 2867 863 2925 Sanctus.

762 3113 820 3171 VI.

617 3266 771 3332 CANON
810 3265 960 3332 MISSAE.

252 3457 257 3476 2
325 3450 341 3482 a
399 3448 414 3480 a
475 3431 524 3500 tis,
550 3431 638 3500 Sixti,
660 3429 796 3499 Cornelii,
827 3428 976 3504 Cypriani,
1005 3425 1168 3497 Laurentii,
1193 3423 1384 3501 Chrysogoni,

191 3511 338 3570 Johannis
351 3517 382 3569 et
402 3509 497 3581 Pauli,
512 3511 623 3568 Cosmae
642 3518 672 3568 et
685 3510 832 3581 Damiani,
855 3515 887 3566 et
907 3509 1039 3566 omnium
1059 3507 1232 3564 Sanctorum
1255 3512 1385 3573 tuorum,

191 3610 318 3668 quorum
343 3590 457 3648 meritis
476 3592 669 3668 precibusque
689 3591 837 3663 concedas,
852 3595 887 3647 ut
905 3590 939 3648 in
959 3588 1095 3647 omnibus
1114 3586 1305 3665 protectionis
1325 3591 1386 3642 tuae

96 3674 120 3702 ⁸
182 3670 493 3734 ,muniamurauxilin
536 3671 741 3731 Pereundem.

252 3752 342 3810 Hanc
354 3752 447 3829 igitur
459 3753 638 3811 oblationem
652 3751 805 3811 servitutis
818 3757 934 3823 nostras,
949 3751 1000 3809 sed
1013 3755 1043 3809 ct
1056 3754 1169 3808 cunctae
1182 3747 1301 3805 familiae
1315 3752 1385 3818 tuae,

192 3852 368 3910 quaesumus,
384 3832 520 3905 Domine,
535 3840 571 3891 ut
584 3834 715 3911 placatus
728 3833 860 3910 accipias,
875 3833 994 3909 diesque
1007 3836 1122 3888 nostros
1135 3830 1167 3887 in
1181 3834 1234 3886 tua
1247 3847 1317 3905 pace
1330 3827 1387 3883 ds-

192 3933 293 3991 ponas,
307 3921 398 3991 atque
418 3916 456 3973 ab
476 3921 586 3972 aeterna
608 3914 797 3973 damnatione
815 3932 869 3972 nos
889 3913 971 3990 eripi,
992 3917 1023 3970 et
1040 3912 1073 3968 in
1086 3911 1245 3970 electorum
1265 3914 1387 3966 tuorum

189 3996 294 4074 jubeas
307 4015 394 4074 grege
407 3996 564 4055 numerari.
608 3996 666 4054 Per
679 3995 838 4066 Christum.

255 4077 352 4148 Quam
379 4077 558 4137 oblationem
585 4084 629 4149 tu,
655 4076 737 4134 Deus
764 4076 957 4152 omnipotens,
978 4074 1012 4131 in
1039 4072 1185 4144 omnibus,
1206 4089 1384 4148 quaesumus,

192 4157 426 4237 beneffldictam,
460 4156 665 4237 ascrifflptam
699 4154 843 4236 raptam,
877 4154 1089 4216 rationabilem,
1121 4150 1388 4228 acceptabilemque

193 4237 288 4297 facere
300 4238 437 4317 digneris,
451 4246 486 4297 ut
499 4239 584 4296 nobis
604 4236 748 4317 coiv1<pus
760 4244 791 4295 et
810 4234 968 4316 sanffiguis
987 4237 1040 4292 fiat
1059 4233 1243 4292 dilectissimi
1256 4231 1327 4288 Filii
1339 4230 1388 4288 tui

195 4318 318 4378 Domini
330 4321 425 4379 nostri
438 4319 460 4378 J
462 4339 513 4377 esu
527 4319 646 4378 christi.

255 4400 315 4470 Qui
334 4401 429 4477 pridie
443 4420 531 4477 quam
551 4405 711 4477 pateretur,
725 4397 837 4475 accepit
856 4417 962 4474 panem
981 4397 1014 4454 in
1027 4400 1143 4454 sanctas
1155 4413 1190 4452 ac
1203 4391 1387 4451 venerabiles

195 4498 389 4555 mannasses,
404 4489 435 4540 et
449 4481 571 4540 clevatis
584 4481 675 4540 oculis
687 4481 721 4538 in
734 4479 837 4540 caelum
850 4480 888 4538 ad
901 4485 933 4536 te
953 4478 1050 4537 Deum
1064 4482 1180 4554 patrem
1193 4493 1281 4533 suum
1294 4472 1388 4532 omni-
