2946 5002
331 396 380 461 Ia
402 395 526 462 Natali
546 395 656 462 sancti
677 394 850 460 Jooaooa
871 391 1123 460 Beverlaceasis.
1264 392 1327 456 229

128 563 247 639 deliqui,
263 563 490 639 cogitationibus
503 563 603 639 pravis
616 569 648 620 et
668 562 791 633 illicitis,
804 562 918 618 minore
938 559 1105 618 reverentia
1125 563 1155 615 et
1169 557 1327 614 devotione

127 664 216 720 quam
236 645 334 715 debui,
349 650 426 716 actu,
441 644 491 701 vel
511 643 571 700 alia
592 643 781 720 negligentia,
794 643 952 700 iteratione
965 641 1123 698 verborum
1137 638 1185 696 vel
1207 656 1325 712 corrup·

127 725 207 782 tione
235 731 288 782 aut
315 725 504 782 distractione
525 725 692 802 verborum,
714 724 832 794 mentis,
848 722 897 780 vel
923 737 1098 798 quocunque
1124 719 1221 788 modo,
1242 723 1327 774 tuam

128 807 341 863 sanctissimam
362 806 503 882 pietatem
525 804 660 880 imploro,
675 810 819 880 quatenns
841 803 917 860 mihi
939 803 1098 860 elementer
1118 800 1280 875 indulgere,
1297 803 1328 854 et

128 906 175 943 me
194 887 362 963 plenissime
382 887 420 943 ab
441 885 488 943 his
510 891 540 943 et
561 885 599 943 ab
623 885 760 942 omnibus
780 883 907 961 peccatis
928 883 1000 940 meis
1020 882 1149 957 digneris
1167 878 1325 937 absolvere.

128 967 268 1036 Quicum
283 967 348 1023 Deo
362 966 452 1024 Patre
465 972 496 1024 et
510 965 625 1042 Spiritu
646 965 753 1024 Sancto
773 965 851 1022 viris
868 971 899 1022 et
918 983 1023 1042 regnas
1044 962 1134 1034 Deus,
1149 960 1208 1018 Per
1228 958 1328 1018 omnia

129 1048 236 1104 saecula
249 1047 429 1104 saeculorum.
472 1047 580 1104 Amen.

609 1258 701 1316 From
721 1257 786 1316 MS.
809 1258 848 1315 D.

208 1381 247 1437 In
267 1381 391 1439 Noram
413 1396 519 1439 sanerr
540 1381 562 1438 J
563 1397 699 1440 ossuum
720 1381 982 1452 Bavnanacaums,
1005 1393 1243 1438 aacmnrrsoorr.

192 1525 331 1600 Officium.
376 1526 489 1584 Statuit
503 1527 531 1584 ei
544 1525 633 1585 Deus.

194 1607 302 1664 Oratio.

192 1685 282 1760 Deus,
311 1687 424 1744 virtute
451 1688 533 1762 cujus
560 1689 663 1744 beatus
690 1687 712 1744 J
714 1687 843 1744 ohannes
869 1687 1003 1764 pontifex
1030 1686 1179 1744 miraculis
1206 1685 1329 1762 insignis

131 1766 248 1838 enituit,
263 1769 422 1844 suffragare
440 1768 673 1844 supplicantibus
690 1769 783 1841 nobis,
800 1769 904 1844 utqui
922 1768 1118 1826 miserationis
1130 1774 1190 1824 tuae
1203 1766 1330 1842 gratiam

132 1850 268 1925 petimus,
286 1850 377 1924 ipsius
398 1849 571 1906 interventu
592 1848 631 1906 ab
654 1849 735 1906 omni
755 1849 897 1906 vitiorum
920 1849 1144 1926 inquinamento
1168 1847 1255 1905 citius
1279 1866 1329 1904 ex-

132 1929 254 2004 piemur.
297 1929 356 1987 Per
368 1929 537 1988 Dominum.
693 1942 697 1948 '

193 2011 333 2085 Epistola.
376 2008 469 2068 Dedit
482 2010 628 2068 Dominus
642 2011 860 2070 consessoribus.

195 2090 328 2148 Gradale.
371 2089 480 2147 Inveni
494 2089 600 2148 David.

193 2171 340 2247 Alleluya.
389 2171 418 2229 V.
441 2172 547 2229 Justus
559 2171 743 2249 germinabit.

193 2252 394 2326 Decapolitana.
438 2251 525 2310 Misit
538 2253 560 2310 J
561 2272 626 2309 esus
640 2252 799 2311 duodecim.

196 2332 336 2408 Officium.
377 2332 506 2390 Veritas.

195 2414 314 2472 Secreta.

194 2494 369 2570 Propitiare,
384 2513 560 2570 quaesumus,
581 2493 719 2566 Domine,
740 2494 826 2552 nobis
853 2493 971 2551 famulis
994 2493 1055 2551 tuis
1079 2512 1132 2569 per
1154 2491 1330 2550 sanctissimi

136 2575 306 2632 confessoris
328 2575 375 2632 tui
398 2581 487 2652 atque
510 2575 657 2652 pontificis
681 2575 828 2633 Johannis
851 2575 958 2632 merita
980 2575 1113 2651 gloriosa,
1137 2580 1172 2631 ut
1195 2573 1258 2648 ejus
1281 2573 1331 2648 pia

136 2655 342 2713 intercessione
356 2656 393 2712 ab
407 2655 543 2713 omnibus
556 2675 671 2733 semper
683 2663 872 2733 protegamur
885 2656 1022 2714 adversis.
1064 2654 1124 2711 Per
1136 2653 1307 2712 Dominum.

197 2736 376 2796 danmatio.
419 2736 530 2794 Beatus
543 2756 651 2794 servus.

196 2817 435 2876 Postcommaaa‘a
465 2887 467 2890 Α

196 2897 286 2970 Deus,
315 2899 368 2974 qui
389 2897 555 2957 Ecclesiam
581 2903 665 2955 tuam
692 2898 806 2957 meritis
838 2905 870 2957 et
900 2898 1081 2957 orationibus
1111 2896 1259 2974 pontificis
1285 2896 1333 2952 tui

136 2976 158 3035 J
159 2977 282 3035 ohannis
295 2979 418 3036 mirifico
432 2979 585 3054 splendore
598 2979 746 3053 clarificas,
755 2981 879 3038 concede
891 2980 1044 3057 propitius,
1056 2985 1091 3036 ut
1101 2979 1153 3054 qui
1162 2976 1333 3035 memoriam

137 3058 217 3116 illius
235 3079 410 3117 veneramur
431 3059 464 3115 in
485 3061 580 3132 terris,
595 3061 816 3119 intercessorem
839 3061 918 3138 apud
935 3067 967 3119 te
988 3079 1151 3118 mereamur
1172 3059 1279 3116 habere
1300 3056 1333 3113 in

138 3139 221 3197 caelis.
264 3139 323 3197 Per
335 3139 506 3197 Dominum.

297 3232 459 3308 Sequentia.

488 3312 687 3384 Exsultemus,
703 3320 734 3371 et
746 3313 889 3385 laetemur,

485 3394 527 3450 Et
541 3394 644 3451 devote
658 3414 842 3466 veneremur,

486 3474 633 3532 Venerari
646 3495 733 3551 quem
745 3482 883 3533 tenemur

526 3556 548 3613 J
548 3556 695 3613 ohannem
709 3556 885 3632 pontificem.

486 3636 596 3694 Virum
610 3635 674 3695 Deo
688 3643 898 3710 consecratum,

485 3717 596 3774 Virum
609 3717 667 3775 fide
682 3719 860 3791 roboratum,

486 3798 598 3856 Virum
612 3797 699 3875 digne
713 3799 899 3856 sublevatum

527 3879 665 3936 Prsesnlis
676 3879 716 3936 ad
729 3880 848 3955 apicem.

487 3959 561 4017 Erat
574 3960 652 4016 enim
666 3961 714 4016 vir
726 3960 850 4036 insignis

487 4039 527 4096 In
539 4040 702 4097 virtutibus
716 4045 746 4096 et
759 4039 858 4117 signis,

488 4120 584 4190 Quem
597 4121 692 4178 divini
705 4119 842 4197 splendor
854 4119 931 4198 ignis

528 4200 568 4258 In
582 4199 722 4259 columbae
736 4201 830 4276 specie

488 4280 698 4353 Circumfulsit,
713 4281 782 4338 dum
797 4280 916 4352 orabat;

488 4361 568 4419 Dum
583 4380 633 4418 cor
645 4359 773 4417 lacrimis
786 4360 957 4432 mundabat,

490 4441 571 4500 Dum
585 4461 614 4498 se
627 4447 725 4497 totum
739 4441 910 4500 immolabat

529 4519 658 4579 Auctori
667 4519 800 4595 justitiae.
905 4556 907 4560 ·
