2946 5002
139 339 202 410 178
537 336 711 403 Orationes
734 335 940 400 Communes.

196 504 499 662 {eggtgquoesumus'
515 583 653 656 Domine,
668 583 780 640 virtute
797 581 939 658 mysterii,
955 587 985 638 et
999 600 1016 638 a
1030 581 1140 638 nostris
1157 577 1340 637 mundemur

135 667 257 726 occultis
271 675 301 724 et
315 668 352 724 ab
367 666 554 723 inimicorum
567 671 737 722 nostrorum
750 664 910 721 liberemur
922 662 1047 719 insidiis.
1091 661 1150 719 Per
1161 659 1335 718 Dominum.

194 759 436 818 Postccmmunic.

194 840 339 898 Viviflcet
355 859 418 912 nos,
436 858 614 915 quaesumus,
636 837 773 909 Domine,
794 837 983 912 participatio
1005 835 1051 892 tui
1068 840 1171 892 sancte
1191 834 1335 911 mysten‘i,

135 927 166 979 et
187 922 298 997 pariter
317 920 403 978 nobis
424 920 624 996 expiationem
644 919 758 975 tribuet
782 926 813 974 et
836 918 997 974 munimen.
1041 917 1100 974 Per
1121 916 1337 975 Dominum—

138 999 241 1082 uss]

578 1151 718 1234 [Oorrua
739 1153 892 1212 Psouros.

149 1212 153 1297 ⁴.
197 1236 307 1296 Oratio.
412 1267 413 1271 ,

196 1318 325 1375 Domine
343 1316 434 1385 Deus,
449 1315 502 1392 qui
519 1315 557 1372 ad
574 1315 629 1372 hoc
647 1314 780 1372 irasceris
793 1320 829 1372 ut
846 1314 921 1371 iram
935 1320 1019 1372 tuam
1032 1314 1215 1386 submoveas,
1230 1314 1335 1373 adhoc

136 1399 268 1470 minaris,
293 1403 328 1453 ut
351 1415 469 1472 parcas:
501 1396 592 1472 lapsis
615 1415 737 1452 menum
760 1396 877 1471 porrige
899 1403 930 1452 et
949 1395 1152 1453 laborantibus
1176 1394 1335 1472 multiplici

136 1479 326 1536 miseratione
346 1495 491 1548 succurre,
513 1482 549 1533 ut
572 1482 691 1552 gentem
715 1476 874 1552 Paganam,
897 1495 986 1551 quam
1006 1496 1059 1552 pro
1080 1476 1206 1553 pcccatis
1226 1477 1335 1534 nostris

136 1579 226 1635 super
251 1578 305 1615 nos
333 1556 533 1634 cognoscimus
557 1557 726 1633 praevulere,
740 1563 771 1614 te
793 1556 960 1629 miserante,
976 1558 1084 1633 jubeas
1104 1577 1223 1615 cessare.
1278 1557 1335 1614 Per

137 1640 309 1698 Dominum.
1278 1636 1283 1647 '

198 1721 319 1779 Secreta.

200 1800 356 1870 Sacrificio,
377 1798 514 1871 Domine,
528 1798 607 1875 quod
624 1798 809 1856 immolamus
827 1798 955 1872 intende,
971 1805 1007 1855 ut
1024 1799 1062 1855 ab
1076 1799 1210 1856 omnium
1223 1799 1334 1876 Pagan-

140 1901 226 1940 crum
252 1901 307 1939 nos
334 1886 425 1938 exuat
448 1880 592 1937 bellorum
616 1879 750 1955 nequitie
773 1885 804 1936 et
827 1879 860 1935 in
882 1884 942 1937 tuae
964 1881 1155 1956 protectionis
1179 1881 1333 1938 securitate

140 1963 309 2021 constituat.
352 1961 411 2018 Per
425 1961 596 2018 Dominum.

200 2045 474 2194 ξίἓὶἓίᾜῖἴζῖθτ,
489 2121 593 2198 aspice,
608 2121 698 2195 Deus,
710 2126 741 2178 et
750 2141 769 2178 a
782 2121 968 2196 Paganorum
978 2140 1032 2178 nos
1042 2121 1166 2179 defende
1179 2121 1334 2198 periculis,

139 2211 174 2262 ut
194 2206 276 2262 omni
295 2203 517 2280 perturbatione
537 2203 681 2273 submota,
696 2201 797 2259 liberis
816 2203 874 2259 tibi
893 2202 1042 2259 mentibus
1060 2203 1230 2261 serviamus.
1277 2203 1334 2260 Per

138 2281 455 2364 Dominum-MSS]

459 2487 585 2546 Gourua
605 2486 824 2545 Anvuusuuros
846 2487 1011 2546 Eccursm.

199 2569 309 2628 Oratio.

197 2651 335 2708 Ecclesiae
365 2656 434 2721 tuce,
465 2668 640 2725 qucesumus,
673 2648 811 2720 Domine,
843 2669 942 2725 preces
972 2648 1106 2725 placatus
1134 2649 1270 2722 admitte,
1300 2657 1332 2708 ut

136 2732 295 2790 destructis
312 2731 540 2788 adversitatibus
557 2735 587 2786 et
604 2729 752 2786 erroribus
765 2730 921 2802 universis,
937 2750 1038 2788 secura
1051 2731 1109 2787 tibi
1126 2731 1236 2789 serviat
1249 2731 1333 2790 liber-

137 2818 205 2870 tate
249 2812 314 2868 Per.

196 2891 315 2949 Secreta.

196 2973 321 3045 Protege
334 2990 397 3043 nos,
412 2969 550 3042 Domine,
564 2988 741 3046 quaesumus,
755 2970 817 3027 tuis
830 2971 978 3047 mysteriis
992 2972 1162 3044 servientes,
1174 2979 1211 3032 ut
1224 2973 1332 3032 divinis

133 3053 220 3111 rebus
234 3057 264 3110 et
278 3071 396 3128 corpore
409 3050 588 3108 famulemur
600 3056 631 3108 et
645 3058 751 3108 mente.
795 3052 855 3109 Per
869 3053 1040 3111 Dominum

193 3132 435 3191 Postcommunc'o.
756 3187 759 3195 ,

196 3215 377 3286 Quaesumus,
387 3212 515 3274 Domine
525 3212 607 3270 Deus
620 3217 729 3284 noster,
740 3218 776 3270 ut
787 3233 860 3289 quos
874 3214 975 3271 divine
988 3214 1095 3272 tribuis
1107 3216 1331 3293 participatione

131 3296 266 3373 gaudere,
282 3294 420 3352 humanis
433 3313 494 3351 non
507 3294 586 3351 sinas
599 3294 748 3369 subjacere
762 3294 907 3371 periculis.
951 3294 1017 3354 Per.

508 3522 574 3580 Pac
596 3522 778 3582 Corcornm
798 3524 960 3582 Fulrruu.

196 3606 304 3665 Oratio.

194 3688 284 3759 Deus,
298 3685 422 3762 largitor
441 3683 520 3761 pacis
542 3687 572 3740 et
594 3689 708 3742 amator
727 3684 869 3757 caritatis,
892 3686 930 3742 da
950 3687 1043 3744 serris
1062 3689 1124 3746 tuis
1145 3707 1246 3748 veram
1264 3712 1330 3749 cum

133 3774 188 3826 tua
200 3769 356 3825 voluntate
369 3764 562 3835 concordiam,
576 3770 611 3821 ut
624 3764 663 3822 ab
676 3765 812 3823 omnibus
833 3786 898 3842 quae
918 3786 972 3824 nos
985 3768 1104 3845 pulsant
1118 3772 1332 3831 tentationibus

133 3849 299 3907 liberemur.
343 3847 401 3904 Per
414 3845 585 3903 Dominum.

194 3941 314 4001 Secreto.

195 4023 256 4080 His
276 4019 433 4097 sacrificiis,
448 4018 583 4090 Domine,
603 4037 778 4094 quaesumUS,
793 4020 917 4078 concede
936 4021 1077 4098 placatus,
1092 4024 1193 4100 utqui
1207 4027 1332 4103 propriis

135 4123 251 4162 oramus
265 4102 379 4160 absolvi
393 4100 515 4172 delictis,
529 4118 590 4156 non
602 4118 760 4175 gravemur
767 4102 906 4160 externis.
949 4103 1008 4160 Per
1017 4104 1180 4163 Dominum
1187 4115 1329 4167 nostrum.

194 4193 434 4255 Poctcommuoio.

114 4343 117 4348 ,
195 4278 311 4347 Libera,
326 4295 388 4345 nos,
403 4273 540 4345 Domine,
555 4292 730 4349 quaesumus,
741 4274 778 4330 ab
792 4275 873 4332 omni
887 4275 965 4334 malo
979 4277 1182 4354 propitiusque
1195 4281 1328 4352 concede,

135 4363 170 4415 ut
183 4378 248 4434 quae
262 4358 347 4414 nobis
360 4356 505 4432 poscimus
518 4353 655 4428 relaxari,
670 4353 727 4431 ipsi
741 4375 858 4433 quoque
873 4357 1018 4434 proximis
1033 4359 1228 4420 remittamus.
1272 4362 1331 4420 Per

32 4462 64 4480 ···
85 4464 87 4470 ·
135 4438 298 4497 Dominum
311 4443 454 4496 nostrum.
