2946 5002
722 353 844 419 Prosoe.

748 563 809 620 XI.

643 685 706 761 (Dn
726 683 757 743 S.
779 681 915 762 Mrem.)

341 810 373 866 A
387 807 464 867 ens*
478 825 573 867 vmes
586 824 698 866 nereis
713 808 798 881 Evn,
811 817 846 865 at
859 827 951 884 repra
979 807 1048 879 (vol.
1063 807 1095 865 ii.
1109 826 1138 883 p.
1155 802 1215 883 82).

742 1047 820 1105 XII.

419 1181 581 1238 Incmmnr
601 1180 711 1237 Pnosn
731 1196 772 1236 nn
792 1179 987 1237 Nsrrvrrsrn
1007 1178 1136 1237 Donmr.

482 1286 630 1362 Alleluya

424 1379 545 1436 Onnes
558 1377 743 1452 assonaret
755 1386 789 1436 at
802 1398 894 1454 epra
908 1377 977 1455 (vol
992 1378 1011 1436 i
1029 1397 1059 1454 p.
1077 1378 1137 1456 19).

731 1625 829 1685 ΧΙΙΙ.

598 1749 651 1826 (Is
671 1750 795 1808 Narem
816 1749 961 1829 Donrm.)

174 1831 178 1839 st
239 1871 289 1928 Aa
302 1870 460 1947 Sequentia
473 1871 584 1930 Beatus
598 1873 653 1929 vir.

242 1952 390 2030 Alleluya.

180 2050 337 2109 Gtomosn
350 2065 420 2107 mns
433 2066 531 2107 Anns'r
545 2070 604 2126 qua
617 2049 759 2126 prooessit
771 2055 938 2126 praepotens
951 2068 989 2106 ex
1002 2048 1128 2125 virginis
1140 2047 1216 2107 auls.

179 2130 265 2188 Idem
279 2131 361 2189 Deus
374 2131 511 2189 eonditor
523 2131 678 2187 hominnm
692 2131 788 2188 factus
801 2136 846 2187 est
859 2129 948 2188 homo
961 2130 1009 2188 die
1021 2129 1089 2202 ista,

180 2210 265 2286 Quass
278 2213 402 2290 gloriam
415 2213 544 2270 cecinere
558 2212 623 2269 Deo
636 2218 737 2269 saneta
749 2211 885 2287 agmina3
1061 2281 1064 2285 ἢ

180 2293 258 2371 Regi
271 2302 342 2351 nato
356 2313 443 2371 quam
455 2312 572 2369 quoque
585 2313 646 2350 vox
656 2298 747 2360 canat
756 2291 868 2368 liquide
881 2297 989 2350 nostra

179 2374 249 2450 Ipse
262 2395 391 2451 namque
404 2380 439 2432 ut
452 2379 569 2433 curaret
581 2380 683 2432 nostra
695 2374 826 2431 facinora
839 2380 869 2432 et
882 2379 1009 2449 peccata,
1021 2392 1082 2430 non
1094 2371 1231 2449 linquens
1244 2371 1385 2448 eaelestia,

180 2456 328 2533 Praesepio
342 2457 412 2533 poni
425 2476 485 2514 non
499 2455 624 2527 distulit,
640 2455 740 2532 utqui
753 2455 838 2531 panis
851 2455 938 2513 vivus
952 2459 1016 2512 erat
1027 2453 1112 2512 nobis
1125 2454 1209 2512 daret
1221 2453 1369 2530 patibulo.

179 2537 201 2595 J
202 2557 251 2594 am
264 2557 344 2594 nunc
357 2537 451 2614 igitur
460 2537 523 2594 laeti
536 2537 701 2595 deferamus
714 2536 837 2594 laudum
850 2536 1004 2612 praeconia,

178 2617 292 2675 Nostra
305 2625 452 2676 certantes
465 2625 500 2676 ut
513 2618 554 2675 sit
567 2637 641 2693 pura
654 2637 738 2676 mens
751 2624 783 2675 et
795 2617 982 2676 conscientia.

179 2698 206 2756 0
220 2699 305 2757 beate
318 2707 520 2775 protomartyr
532 2699 690 2776 Stephane,
705 2700 790 2776 cujus
803 2699 897 2756 instat
910 2697 1094 2756 sollemnitas
1106 2696 1254 2774 praeclara,

178 2778 229 2851 Te,
245 2800 422 2856 quaesumus,
437 2786 473 2837 ut
485 2780 630 2857 possimus
643 2781 765 2837 hortatu
779 2779 826 2837 tui
839 2778 911 2836 fulti
924 2781 995 2837 vitae
1009 2797 1158 2836 assumere
1171 2797 1288 2855 pascua,

179 2859 288 2919 Satiati
301 2862 409 2937 quibus
422 2861 562 2918 adeamus
575 2860 659 2937 digni
672 2861 770 2918 caelioe
783 2861 997 2918 contubernia:

180 2940 247 3010 Quo
260 2962 423 3018 pangamus
437 2943 501 2999 sine
514 2941 572 2999 fine
587 2942 705 2999 Christo
719 2947 790 2998 nato
803 2941 919 3018 virgine
932 2941 1076 2998 inviolata

178 3022 332 3098 Regnanti
345 3043 412 3080 oum
426 3022 516 3080 Patre
530 3023 619 3080 simul
632 3024 712 3080 orbis
725 3042 816 3099 regna
828 3041 881 3099 per
895 3023 995 3081 omnia
1006 3042 1016 3093 3

180 3103 317 3162 Potestas
330 3104 379 3163 oui
391 3111 422 3161 et
435 3104 530 3161 honor
543 3110 589 3161 est
602 3104 635 3160 in
648 3110 760 3162 aeterna
770 3103 885 3162 secula.

180 3186 280 3244 Amen
291 3186 392 3244 dicant
406 3186 514 3243 omnia.

316 3495 412 3552 Prota
424 3496 465 3552 act
478 3494 634 3570 Sequentia
654 3511 696 3552 nn
716 3511 828 3553 smero
848 3495 870 3551 J
872 3509 1008 3566 osterna,
1023 3508 1240 3551 nvnrsnnrsrs.
1260 3569 1262 3573 .

242 3614 390 3691 Alleluya

180 3713 266 3771 Laus
280 3728 453 3771 nannomn
467 3727 621 3770 nnsonrnr
630 3711 782 3787 Alleluya.

181 3794 281 3852 Matre
294 3794 420 3850 fecunda
434 3793 559 3852 Domini
571 3795 669 3868 gratia
681 3793 777 3869 proles
789 3793 873 3851 adest
886 3794 1004 3866 eximia,

181 3874 374 3951 Evangelista
385 3874 407 3932 J
408 3874 540 3932 ohannes
553 3874 657 3931 divina
670 3875 852 3932 annuntians
865 3874 1029 3950 praeconia:

180 3955 241 4013 Vel
259 3960 294 4012 ut
307 3955 459 4032 aqurla
420 3956 460 4012 fi
442 3975 512 4012 oens
526 3955 666 4012 lumina
657 3975 690 4011 m
703 3955 764 4012 alto
778 3954 909 4013 Deitatis
923 3975 1029 4013 areana
1046 3955 1269 4033 supergrediens
1282 3955 1384 4012 omnia

261 4036 357 4094 cordis
370 4037 454 4094 oculo
468 4037 607 4108 eondita;
745 4089 747 4094 .

181 4117 285 4175 Mente
298 4116 413 4193 liquida
426 4116 630 4193 contemplans
643 4116 696 4173 illa
712 4117 828 4175 excelsa
844 4138 915 4176 voce
930 4117 1027 4195 palam
1041 4117 1166 4194 prolata,
1181 4117 1219 4175 In
1235 4115 1384 4195 principio

261 4217 329 4256 cum
344 4197 434 4256 Patre
448 4206 512 4257 erat
526 4199 662 4257 Verbum
674 4217 728 4275 per
741 4199 854 4257 saecula.

240 4325 354 4446 lillin-
337 4326 490 4454 bigirimm
491 4386 506 4430 h
522 4400 553 4431 an
568 4386 700 4432 additional
713 4385 784 4432 lino
776 4401 801 4432 m
816 4387 927 4435 theletos
938 4386 1044 4446 Misenis,
1056 4383 1317 4443 *40101311110011011ιο,π
1329 4384 1380 4432 eide

179 4457 251 4504 supro
240 4385 342 4563 {8401ss
335 4457 350 4488 1.
362 4459 385 4502 p.
397 4445 444 4506 19).

299 4502 323 4548 S.
325 4446 439 4556 —lluom
