2946 5002
636 368 733 431 Festa
754 367 872 432 durtii.

210 532 331 590 Secreto.

209 613 281 686 Tua,
310 613 449 686 Domine,
478 615 651 672 muneribus
684 617 791 673 altaria
825 615 1017 687 cumulamus,
1046 615 1127 672 illius
1153 616 1352 698 ¹nativitatem

147 695 259 751 honore
282 695 382 752 debito
407 696 595 768 celebrantes,
612 698 664 772 qui
682 699 858 754 salvatorem
880 697 984 752 mundi
1005 702 1036 752 et
1056 696 1163 753 cecinit
1177 699 1351 770 affuturum,

149 775 292 925 &adesse
305 778 484 835 monstravit
499 778 663 834 Dominum
680 785 815 836 nostrum
835 778 941 835 desum
963 778 1114 835 Christum
1128 777 1241 836 Filium
1254 785 1350 837 tuum.

177 857 210 912 ui
223 862 330 914 tecum.

210 949 391 1009 Communia.

207 1031 262 1101 Tu,
286 1051 368 1107 puer,
391 1032 536 1108 propheta
558 1033 709 1090 Altissimi
733 1033 890 1104 vocaberis,
906 1033 1025 1107 praeibis
1046 1032 1124 1089 enim
1146 1039 1216 1090 ante
1243 1032 1348 1090 faciem

151 1111 273 1169 Domini
285 1133 388 1188 parare
402 1114 466 1170 vias
480 1115 550 1190 ejus¹

208 1203 450 1264 Postcommuaio.

208 1285 313 1343 Sumat
341 1288 460 1344 ecclesia
487 1294 549 1359 tua,
578 1288 667 1359 Deus,
697 1288 778 1343 beati
806 1287 827 1344 J
830 1287 954 1343 ohannis
988 1287 1131 1362 Baptistae
1159 1288 1348 1363 generatione

149 1366 291 1437 laetitiam,
315 1388 367 1444 per
391 1389 480 1444 quem
504 1389 563 1426 sum
589 1367 820 1446 regenerationis
848 1369 986 1444 cognovit
1010 1374 1159 1425 auctorem
1184 1368 1348 1426 Dominum

149 1452 290 1504 nostrum.

634 1606 778 1664 Sneunno
799 1623 862 1665 orn.

208 1736 342 1812 Officium
382 1739 404 1795 J
406 1747 490 1796 ustus
505 1747 540 1796 ut
553 1740 658 1816 palma.

205 1830 314 1889 Oratio,
359 1832 492 1890 Concede
506 1853 682 1907 quaesumus
699 1834 888 1908 omnipotens
903 1834 995 1905 Deua,
1010 1842 1043 1889 ut
1061 1854 1153 1908 supro
1177 1835 1211 1890 ia
1231 1834 1346 1908 Venilia,

142 1921 246 1988 preter
260 1912 447 1987 Sequentiaru
461 1924 486 1971 et
501 1914 602 1971 Credo.

328 2152 517 2211 Sancronun
537 2155 698 2210 <lonensis
720 2170 757 2209 nr
779 2153 887 2210 Parni.
933 2152 983 2231 (vi.
1000 2153 1069 2210 Kal.
1086 2152 1164 2232 dul.)

206 2303 346 2378 Officium.
391 2305 498 2360 Multae
514 2305 728 2361 tribulationes

205 2395 313 2454 Oratio.
864 2444 868 2452 .

203 2477 387 2550 Quaesumus
413 2479 599 2554 omnipotens
628 2479 718 2546 Deus,
747 2486 782 2534 ut
809 2498 863 2534 nos
886 2478 1037 2553 geminata
1064 2478 1169 2535 laetitia
1195 2479 1344 2537 hodiernae

143 2557 315 2616 festivitatis
336 2560 475 2635 excipiat,
492 2581 557 2636 qum
578 2561 614 2615 dc
635 2561 789 2616 beatorum
813 2559 834 2616 J
837 2559 962 2615 ohannis
976 2565 1006 2615 et
1025 2559 1111 2616 Pauli
1132 2560 1345 2636 glorificatione

142 2640 295 2714 procedit;
326 2661 398 2716 quos
420 2642 520 2697 eudem
544 2642 616 2697 fides
641 2648 671 2697 et
695 2641 791 2716 passio
813 2661 880 2696 vere
901 2640 971 2696 fecit
992 2660 1053 2697 esse
1073 2661 1235 2718 germanae.
1288 2643 1346 2700 Per

143 2719 315 2777 Dominum.

200 2802 343 2876 Epistola.
387 2802 433 2857 Hi
447 2809 517 2859 sunt
531 2803 588 2858 viri
602 2803 817 2859 misericordiae.

204 2882 339 2942 Grudole.
383 2883 459 2940 Ecce
474 2904 561 2959 quam
575 2885 694 2940 bouum.

200 2963 350 3039 Alleluya.
401 2964 430 3022 V.
454 2965 512 3020 Isti
532 2973 602 3021 sunt
623 2967 687 3022 duee
709 2965 793 3020 oliva
813 2970 843 3020 ot
863 2965 921 3020 duo
942 2964 1115 3021 candelabra
1128 2965 1259 3022 lucentia
1273 2972 1343 3023 ante

140 3044 323 3101 Dominum:
343 3044 454 3102 habent
468 3053 645 3121 potestatem
660 3047 794 3102 claudere
809 3046 911 3101 caelum
926 3047 1055 3103 nubibus
1070 3054 1100 3103 et
1113 3047 1227 3122 aperire
1240 3053 1341 3123 portas

140 3126 221 3200 ejus:
243 3127 314 3200 quia
327 3126 435 3202 linguae
450 3147 549 3183 eorum
566 3129 660 3183 claves
675 3129 738 3184 caeli
752 3127 836 3182 factae
851 3133 928 3182 sunt.
1038 3143 1039 3146 ’

200 3219 402 3293 anltyelium.
446 3220 605 3275 Attendite
620 3241 637 3275 a
652 3222 803 3276 fermento

202 3298 396 3372 Offirtorium.
441 3301 663 3358 Gloriabuntur.

200 3392 320 3450 Secreto.
616 3386 619 3394 ’

200 3472 325 3530 Hostias
351 3474 416 3545 tibi,
442 3476 579 3544 Domine,
602 3481 771 3530 sairctorunr
794 3480 957 3548 martyrum
987 3481 1107 3531 tuorum
1134 3474 1156 3531 J
1158 3474 1281 3530 ohannis
1309 3479 1339 3530 et

138 3553 228 3609 Pauli
250 3555 360 3611 dicatas
384 3557 498 3612 meritis
521 3557 666 3631 benignus
688 3576 812 3625 assume,
828 3563 858 3612 et
878 3556 915 3612 ad
936 3563 1112 3632 perpetuum
1132 3556 1218 3612 nobis
1238 3554 1337 3611 tribue

136 3636 295 3710 provenire
308 3637 479 3693 subsidium.
523 3637 588 3692 Per.

201 3715 381 3775 Centumalo.
425 3718 466 3773 Et
480 3718 623 3774 siceram.

198 3797 438 3855 Posteommuaio.

199 3877 391 3953 Summimns,
415 3880 551 3949 Domine,
574 3885 742 3935 sanctornm
766 3885 931 3952 martyrum
952 3885 1072 3934 tuorum
1094 3878 1246 3934 sollemnia
1267 3877 1337 3934 cele

136 3958 259 4014 brantes
279 3968 461 4016 sacramenta
481 3961 607 4016 caelestia
618 3981 624 4030 3
646 3968 760 4035 praesta,
777 3980 952 4035 quaesumus,
968 3967 1010 4031 nt,
1033 3960 1112 4035 quod
1133 3957 1337 4034 temporaliter

134 4040 273 4114 gerimus,
288 4043 405 4098 aeternis
419 4043 533 4117 gaudiis
548 4062 766 4116 consequamur.
810 4041 870 4098 Per
884 4041 1055 4097 Dominum.

231 4272 270 4327 In
292 4272 421 4329 Vrania
441 4275 658 4330 arosrononun
679 4272 775 4328 Pnrnr
797 4289 834 4328 ur
855 4272 963 4327 Pauci.
1008 4268 1058 4346 (iv.
1076 4269 1145 4326 Kal.
1161 4270 1183 4327 J
1185 4270 1238 4347 nl.)

198 4408 336 4483 Officium.

197 4492 279 4548 Dicit
293 4492 440 4548 Dominus
451 4493 560 4549 Petro:
576 4491 652 4547 Cum
666 4507 739 4544 esses
750 4489 853 4562 junior
862 4488 999 4564 cingebas
1006 4494 1045 4559 te,
1058 4496 1089 4546 et
1099 4491 1269 4548 ambulabas
1279 4489 1332 4549 ubi
