2946 5002
511 365 684 432 Orationes
705 389 767 454 pro
788 368 972 455 Dassaretis.

497 567 563 626 Pac
584 568 739 628 Parumne
759 587 797 628 ur
817 570 991 630 Msrmnus.

202 644 312 704 Oratio.

201 725 291 799 Deus,
321 725 377 803 qui
401 745 456 785 nos
482 734 597 804 patrem
625 735 656 787 et
682 737 809 789 matrem
835 732 979 790 honorare
1002 734 1177 811 praecepisti,
1207 736 1344 794 miserere

141 806 300 865 clementer
321 807 476 866 animabus
502 818 621 886 patrum
649 817 680 869 et
706 819 835 869 matrum
863 820 1040 886 nostrorum,
1065 834 1225 892 eorumque
1245 819 1345 874 omnia

139 893 259 965 paccata
272 888 402 962 dimitte,
417 908 529 967 nosque
542 911 590 948 eos
610 891 643 948 in
663 898 781 951 aeternae
799 894 943 952 claritatis
956 895 1002 952 fac
1014 896 1121 972 gaudio
1135 897 1242 957 videre.
1287 897 1348 955 Per

84 990 87 996 ·
140 969 313 1027 Dominum.

198 1049 321 1109 Secreta

198 1129 330 1207 Suscipe,
356 1131 539 1205 sacrificium,
562 1133 699 1203 Domine,
724 1136 804 1212 quod
827 1136 884 1194 tibi
908 1157 961 1213 pro
988 1137 1143 1196 animabus
1170 1145 1289 1216 patrum
1314 1147 1344 1197 et

139 1216 269 1269 matrum
293 1217 463 1269 nostrorum
487 1214 618 1286 offertur,
643 1216 742 1292 eisque
765 1219 907 1293 gaudium
935 1220 1147 1295 sempiternum
1170 1220 1203 1276 in
1224 1221 1346 1297 regione

138 1293 305 1350 viventium
320 1293 453 1366 concede,
465 1313 576 1371 nosque
590 1295 726 1354 felicitati
739 1318 840 1355 eorum
856 1300 1009 1377 conjunge.
1051 1301 1111 1358 Per
1124 1301 1296 1358 Dominum.

197 1374 443 1433 Poatcommanio.

199 1453 334 1512 Caelestis
361 1455 559 1531 participatio,
588 1456 724 1530 Domine,
759 1461 936 1517 sacramenti
970 1461 1126 1519 animabus
1160 1469 1279 1539 patrum
1312 1470 1343 1521 et

137 1540 269 1593 matrum
298 1541 467 1593 nostrorum
494 1537 625 1612 requiem
653 1540 787 1598 obtineat
814 1543 1032 1618 sempitrmam,
1056 1562 1168 1618 nosque
1189 1564 1256 1601 cum
1283 1544 1344 1602 illis

137 1616 234 1694 gratia
247 1622 302 1674 tua
311 1622 433 1674 coronet
444 1622 562 1675 aterna.
604 1617 664 1676 Per
677 1619 849 1679 Dominum.
1336 1619 1338 1623 ’

477 1807 544 1866 Pac
564 1807 741 1868 Farramcs
761 1826 799 1866 cr
820 1809 1000 1869 Soaoamcs

199 1889 310 1948 Oratio.

197 1970 290 2042 Deus,
302 1969 397 2027 veniae
408 1968 533 2046 largitor
545 1976 577 2026 et
589 1969 726 2027 humanae
736 1970 842 2027 salutis
852 1977 976 2042 amator,
987 1989 1155 2047 quaesumus
1167 1972 1341 2030 immensam

138 2050 324 2110 clementiam
338 2057 432 2122 tuam,
446 2056 482 2106 ut
495 2057 603 2108 nostrae
616 2052 850 2128 congregationis
863 2052 969 2110 fratres
983 2060 1013 2109 et
1030 2071 1152 2124 sororeS,
1168 2053 1273 2128 quiex
1287 2054 1344 2110 boc

138 2132 242 2190 soeculo
263 2131 456 2200 transierunt,
471 2131 559 2188 beata
573 2131 671 2189 Maria
684 2151 800 2207 semper
813 2132 929 2207 virgine
943 2139 974 2190 et
987 2134 1074 2190 beato
1095 2133 1186 2190 Petro
1207 2135 1343 2210 apostolo

138 2218 191 2271 tuo
209 2211 412 2270 intercedente
432 2231 500 2270 cum
520 2213 657 2269 omnibus
680 2213 790 2270 sanctis
814 2215 884 2284 tuis,
906 2214 945 2270 ad
971 2223 1121 2291 perpetuae
1146 2215 1341 2272 beatitudinis

139 2295 318 2352 consortium
331 2292 487 2370 pervenire
500 2293 649 2351 concedas.
692 2293 757 2350 Per.

198 2373 319 2435 Secreta.

199 2455 290 2527 Deua,
306 2455 391 2530 cujus
404 2454 611 2512 misericordiae
628 2474 688 2512 non
710 2461 754 2512 est
773 2474 923 2525 numerus,
939 2456 1053 2532 suscipe
1073 2457 1220 2532 propitius
1241 2476 1340 2533 preces

139 2535 316 2594 humilitatis
329 2541 446 2608 nostrae,
463 2542 493 2592 et
506 2536 669 2607 animabuS,
680 2536 788 2612 quibus
799 2537 845 2591 tui
859 2536 987 2593 nominis
998 2537 1104 2594 dedisti
1119 2538 1338 2606 confessionem,

140 2636 190 2693 per
203 2617 265 2674 haec
278 2621 463 2674 sacramenta
476 2616 580 2672 salutis
594 2623 701 2673 nostrae
716 2624 890 2674 cunctorum
903 2617 1002 2674 tribue
1020 2617 1223 2676 remissionem
1243 2638 1342 2695 pecca-

140 2705 245 2756 torum.
288 2698 347 2755 Per
361 2697 532 2754 Dominum.
577 2696 636 2766 Qui
649 2703 754 2755 tecum.

198 2779 440 2837 Poatoorumuaio.
894 2819 896 2823 v
930 2819 931 2824 ,

198 2859 320 2930 Praesta,
335 2878 513 2935 quaesumus
528 2858 694 2917 misericors
708 2859 799 2930 Deus,
814 2864 850 2916 ut
863 2860 978 2930 animae,
993 2880 1046 2936 pro
1060 2860 1168 2936 quibus
1184 2860 1240 2919 hoc
1254 2861 1340 2919 sacri-

140 2939 238 2999 ficium
251 2941 347 2998 laudis
364 2946 424 2997 tuae
443 2939 605 2997 obtulimus
619 2941 777 3016 majestati,
791 2960 844 3016 per
861 2940 950 3016 hujus
964 2943 1109 2998 virtutem
1130 2943 1308 3001 sacramenti
1322 2964 1339 2998 a

139 3021 262 3097 peccatis
282 3020 419 3078 omnibus
432 3021 558 3096 expiatae
572 3021 646 3078 lucis
658 3028 815 3098 perpetuae,
830 3027 860 3079 te
874 3023 1041 3095 miserante,
1056 3023 1200 3099 recipiant
1214 3024 1342 3081 beatitu-

139 3101 244 3161 dinem.
288 3102 346 3159 Per
360 3101 531 3158 Dominum.
988 3095 999 3115 “

440 3283 505 3342 Pac
527 3283 773 3353 Qurnscnurmus
795 3301 828 3342 lu
847 3301 1036 3344 cmuarnaro.

198 3365 307 3424 Oratio.
977 3415 986 3435 ,

196 3445 288 3517 Deus,
303 3446 336 3502 in
354 3447 438 3522 cujus
458 3446 645 3502 miseratione
665 3446 770 3502 animae
791 3446 923 3503 fidelium
944 3447 1134 3521 requiescunt
1144 3465 1153 3517 ;
1173 3444 1292 3502 famulis
1307 3454 1338 3503 et

137 3527 302 3585 famulabus
322 3528 383 3584 tuis
397 3526 541 3598 omnibus,
557 3526 604 3583 hic
618 3532 648 3583 et
661 3527 771 3603 ubique
785 3528 817 3583 in
832 3526 951 3584 Ohristo
972 3526 1198 3602 quiescentibus,
1214 3526 1253 3582 da
1272 3546 1338 3603 prn-

137 3609 228 3684 pitius
241 3608 360 3665 veniam
374 3614 568 3684 peccatorum,
584 3613 619 3664 ut
632 3627 651 3664 a
664 3609 779 3665 cunctis
792 3608 923 3664 reatibus
936 3608 1073 3678 absoluti,
1088 3613 1187 3664 tecum
1201 3607 1264 3664 sine
1278 3608 1338 3664 fine

137 3688 282 3747 latentur.
325 3688 384 3746 Per
397 3689 522 3746 cundem
537 3688 701 3747 Dominum
714 3695 849 3746 nostrum
862 3689 884 3746 J
886 3708 975 3746 esum.

196 3769 317 3828 Semeto.

196 3850 257 3909 Pro
270 3850 423 3907 animabus
444 3849 622 3907 famulorum
643 3850 879 3926 famularumque
894 3856 1013 3906 tuarum
1026 3849 1159 3906 omnium
1174 3848 1340 3907 Catholica-

137 3951 211 4004 rum,
232 3931 282 3988 hic
306 3935 337 3988 et
359 3932 469 4006 ubique
493 3931 712 4002 dormientium,
733 3931 870 4002 hostiam,
892 3931 1030 4000 Domine,
1055 3929 1169 4006 suscipe
1193 3930 1340 4006 benignus

137 4012 281 4070 oblatam:
308 4018 343 4069 ut
369 4011 424 4069 hoc
449 4011 590 4068 sacrificio
617 4009 760 4087 singulari
783 4010 910 4068 vinculis
933 4009 1084 4068 horrendae
1110 4010 1216 4068 mortis
1240 4017 1338 4068 exutae

137 4093 231 4151 vitam
243 4098 414 4151 mereantur
428 4097 576 4148 aeternam.
620 4092 678 4149 Per
692 4092 862 4149 Dominum

194 4173 436 4232 Postcommunrb.

195 4254 287 4326 Deua,
302 4254 435 4312 fidelium
455 4252 556 4309 iumen
576 4251 751 4323 animarum,
766 4253 867 4310 adesto
888 4248 1152 4327 supplicationibus
1171 4251 1290 4322 nostris,
1307 4258 1338 4308 et

136 4335 173 4393 da
189 4335 310 4394 famulis
325 4340 356 4391 et
373 4332 541 4390 famulabus
559 4332 620 4389 tuis
637 4351 764 4408 quorum
782 4351 904 4409 corpora
921 4331 970 4389 hic
988 4337 1019 4388 et
1036 4329 1147 4406 ubique
1165 4331 1198 4388 in
1218 4332 1340 4389 Christo

135 4418 331 4494 requiescunt,
351 4412 498 4486 refrigerii
518 4413 624 4483 sedem,
643 4412 752 4488 quietis
771 4411 996 4481 beatitudinem,
1018 4411 1141 4468 luminis
1161 4412 1336 4470 claritatem.

136 4495 193 4555 Per
206 4496 371 4555 Dominum
385 4497 528 4551 nostrum.
