2946 5002
139 365 180 425 21
585 361 681 426 Festo
703 360 893 426 Februarii.

200 526 335 585 Grudale.
379 528 482 604 Specie
496 534 556 585 tua.

196 608 347 684 Alleluya.
397 609 425 666 V.
450 609 567 666 Diffusa
581 614 633 666 est.

196 690 398 763 Ecoapela'um.
442 689 544 747 Simile
559 696 589 746 et
602 709 726 766 regnum
740 689 877 746 caelorum
891 689 1037 746 thesauro

200 768 393 843 Offeramus.
438 770 521 826 Filiae
536 790 647 847 regum.

201 849 383 909 Coruncanio.
427 852 546 909 Diffusa
556 856 607 908 est.

354 1047 393 1104 Iu
415 1047 587 1104 (lacunosa
607 1063 712 1106 11111111
733 1047 839 1104 Parsa
883 1045 955 1122 (viii
973 1045 1042 1102 Kal.
1059 1045 1165 1121 Mart.)

201 1168 341 1244 Officium.
385 1169 507 1227 Statuit.

200 1250 309 1308 Oratis.

198 1331 290 1401 Deus,
305 1331 358 1407 qui
370 1332 457 1389 beato
480 1332 570 1389 Petro
594 1332 726 1409 apostolo
740 1339 793 1390 tuo
815 1331 929 1389 collatis
953 1331 1084 1389 clavibus
1106 1329 1192 1407 regni
1205 1331 1336 1402 caelestis,

136 1412 249 1469 animas
264 1413 376 1488 ligandi
396 1419 486 1489 atque
503 1413 637 1470 solvendi
661 1413 846 1490 pontificium
867 1412 1037 1469 tradidisti:
1058 1412 1183 1469 concede
1196 1418 1232 1468 ut
1245 1413 1336 1469 inter·

137 1492 274 1550 cessionis
288 1493 351 1568 ejus
364 1494 477 1550 auxilio
491 1513 509 1550 a
522 1500 709 1570 peccatorum
728 1500 897 1551 nostrorum
920 1492 1047 1550 nexibus
1067 1491 1234 1550 liberemur.
1279 1493 1337 1562 Qui

138 1592 223 1631 vivis.

197 1654 293 1712 Lectio
307 1654 446 1730 Epistola
460 1655 535 1712 beati
547 1655 630 1714 Petri
643 1655 775 1731 Apostoli
790 1653 818 1734 (1
836 1656 855 1712 i.
874 1655 946 1731 1-7).

197 1734 305 1793 Petrus
332 1735 482 1812 apostolus
508 1756 599 1811 arsque
626 1738 666 1794 ad
693 1737 726 1793 in
753 1736 964 1794 revelationem
992 1733 1116 1792 Domini
1136 1735 1233 1793 nostri
1260 1735 1336 1793 Jesu

138 1814 258 1876 Christi.

199 1895 332 1955 Gradole.

198 1978 342 2037 Exaltent
362 1998 430 2036 eum
450 1979 483 2036 in
504 1979 625 2038 ecclesia
645 1978 758 2055 plebis:
782 1986 813 2037 et
835 1980 867 2036 in
887 1979 1026 2037 cathedra
1047 1979 1195 2037 seniorum
1216 1977 1337 2035 laudent

136 2078 213 2118 eum.

142 2139 172 2198 V.
196 2141 409 2212 Confiteantur‚
432 2141 572 2211 Domino,
597 2141 801 2199 misericordiae
831 2141 914 2217 ejus:
946 2149 976 2199 et
1004 2140 1153 2198 mirabilia
1180 2140 1244 2216 ejus
1268 2138 1339 2195 filiis

136 2221 299 2281 hominum.

199 2302 331 2359 Tractus.

196 2382 242 2440 Tu
253 2403 283 2440 es
298 2383 412 2455 Petrus,
428 2388 459 2439 et
469 2402 558 2458 super
570 2383 646 2439 hauc
659 2388 773 2458 petram
784 2383 933 2440 aedificabo
943 2383 1106 2441 Ecclesiam
1119 2402 1224 2439 meam.

142 2463 171 2520 V.
195 2463 236 2520 Et
249 2469 341 2539 portae
360 2463 447 2520 inferi
465 2483 526 2520 non
546 2463 750 2539 praevalebunt
770 2464 909 2521 adversus
930 2484 1003 2537 eam,
1018 2472 1048 2522 et
1069 2463 1125 2521 tibi
1146 2463 1222 2520 dabo
1243 2460 1339 2519 claves

136 2545 219 2621 regni
233 2545 378 2602 caelorum.

142 2624 171 2682 V.
196 2625 398 2701 Quodcunque
411 2624 549 2701 ligaveris
562 2645 650 2701 super
663 2631 774 2682 terram
787 2647 793 2683 :
815 2625 873 2683 erit
886 2626 1011 2702 ligatum
1025 2633 1056 2683 et
1069 2626 1102 2683 in
1116 2625 1202 2684 caelis.

141 2705 171 2764 V.
194 2706 235 2763 Et
249 2707 444 2782 quodcunque
457 2705 579 2762 solveris
592 2726 680 2800 super
693 2712 823 2764 terram:
844 2707 902 2764 erit
916 2707 1046 2764 solutum
1060 2706 1137 2764 etin
1151 2706 1237 2764 caelis.

196 2785 364 2844 Secundum
378 2787 458 2843 Ma
435 2786 634 2860 dlraeumfhror'
635 2787 746 2844 1319
749 2788 774 2865 )

196 2867 236 2924 In
249 2867 301 2925 illo
315 2874 455 2944 tempore,
466 2866 561 2924 Venit
574 2867 596 2925 J
598 2888 663 2926 esus
674 2871 705 2925 in
719 2875 818 2944 partes
829 2868 966 2927 Caesareae
978 2868 1110 2945 Philippi
1121 2887 1211 2943 usquc
1225 2870 1268 2928 ad
1281 2870 1338 2928 erit

136 2947 267 3004 solutum
281 2949 333 3005 et
324 2968 358 3005 m
371 2949 456 3006 caelis.

197 3028 298 3086 Credo

198 3109 390 3183 Offiartora'am.
433 3110 560 3170 Veritas.

197 3190 319 3248 Secreto.

197 3270 333 3329 Ecclesiae
363 3277 431 3343 tuae,
457 3292 633 3349 quaesumus,
660 3274 798 3344 Domine,
827 3292 928 3349 preces
955 3279 985 3330 et
1012 3272 1125 3330 hostias
1151 3274 1231 3331 beati
1255 3273 1339 3331 Petri

137 3352 262 3428 apostoli
285 3352 332 3409 tui
356 3315 540 3411 cominendet
564 3355 668 3426 oratio,
694 3360 729 3412 ut
753 3354 833 3429 quod
855 3373 909 3431 pro
929 3354 1010 3411 illius
1033 3354 1126 3431 gloria
1149 3354 1338 3426 celebramus,

135 3434 220 3490 nobis
234 3434 327 3510 prosit
341 3434 378 3490 ad
392 3435 517 3494 veniam
560 3435 619 3492 Per
633 3436 805 3494 Dominum.

194 3513 346 3590 Praefotio.
389 3515 430 3572 Et
444 3522 482 3586 te,
499 3517 635 3586 Domine,
651 3516 831 3593 suppliciter.

199 3594 382 3654 Communia

195 3676 240 3733 Tu
255 3696 285 3734 es
300 3677 415 3747 Petr,us
431 3683 461 3734 et
475 3697 562 3754 super
575 3677 650 3734 hanc
664 3684 778 3753 petram
792 3676 942 3734 aedifica-bo
956 3676 1117 3734 Ecclesiam
1131 3696 1233 3734 meam.

197 3757 268 3814 Post
258 3759 439 3816 tcommuaio.

196 3837 350 3910 Laetificat,
366 3838 503 3910 Domine,
519 3858 694 3915 quaesumus,
709 3858 818 3895 munus
832 3837 972 3910 oblatum,
989 3843 1024 3895 ut
1037 3837 1114 3895 sicut
1132 3839 1263 3915 apostolo
1285 3845 1337 3896 tuo

135 3918 226 3976 Petro
239 3926 270 3976 to
284 3920 449 3976 mirabilem
463 3921 663 3996 praedicamus,
679 3921 721 3977 sic
734 3939 786 3996 per
799 3919 884 3976 illum
905 3926 964 3976 tuse
978 3938 1128 3976 sumamus
1145 3919 1337 3996 indulgentiae

135 3999 310 4076 largitatem.
355 4000 413 4058 Per
427 4001 598 4058 Dominum.

342 4188 455 4247 Ssucrr
476 4188 641 4261 Maurum,
663 4205 813 4247 srosrom.
858 4188 909 4266 (vi.
927 4189 996 4246 Kal.
1014 4188 1118 4266 Mart.)

195 4309 335 4383 Officium.
379 4311 459 4369 Mihi
472 4319 572 4371 autem
586 4312 676 4369 nimis
690 4313 828 4369 honorati
841 4319 919 4369 sunt.

192 4390 358 4548 11111110.ᾳυί
377 4473 498 4530 beatum
516 4474 680 4533 Matthiam
700 4473 900 4550 apostolorum
921 4479 1041 4530 tuorum
1061 4474 1184 4550 collegio
1199 4474 1335 4533 sociasti:
