2946 5002
238 376 300 439 306
777 370 901 436 Prosae.

235 538 342 598 Hostis
354 559 420 616 quae
432 537 543 597 stravit
555 537 687 614 imperia,
700 536 840 594 liberavit
852 543 883 595 et
897 555 976 597 arva

237 619 323 679 Salus
332 621 462 697 jocunda
473 621 558 694 nobis
571 639 610 677 ex
623 638 682 695 qua
695 618 788 690 floret,
803 618 928 675 felicitas
937 617 1032 694 fulget
1044 623 1257 694 atqueserena.

236 700 356 779 Ex-qua
368 720 491 759 munera
503 705 606 759 sancta
618 699 743 770 stillant,
758 718 819 775 pax
831 698 972 776 procedit,
988 699 1053 756 vita
1064 698 1155 756 micat
1168 703 1199 756 et
1211 697 1297 757 alma

236 780 355 840 Siderea
368 801 420 860 per
433 801 522 858 quam
534 799 625 856 regne
638 785 752 856 patent,
767 779 874 855 gaudia
888 786 1011 837 manant
1023 784 1055 836 et
1067 797 1200 856 superna

236 860 263 919 0
277 881 351 922 crux
363 855 472 934 sancta,
487 868 519 919 te
532 861 618 919 laude
631 866 769 918 canentes
783 860 896 917 virtute
909 866 963 917 tua
970 879 1037 937 rege
1050 859 1100 937 pia
1113 859 1213 917 omnia
1224 877 1278 936 per
1290 864 1436 935 tempora.

295 1131 345 1189 Ad
357 1130 513 1207 Sequentia
526 1131 686 1191 Ploratum.
790 1052 876 1110 LIX·

294 1223 443 1299 Alleluya

235 1315 356 1374 Choma
375 1333 550 1375 assessurae
570 1335 780 1376 cinnamonum
793 1317 930 1376 Ecclesiae
944 1325 1116 1395 prorumpet
1126 1318 1169 1377 sic
1178 1339 1238 1376 vox
1251 1318 1415 1379 dulcisona·

212 1447 214 1450 ,
235 1395 283 1453 Sit
296 1397 360 1454 laus
374 1417 499 1455 vernans
511 1399 576 1470 tibi,
593 1398 719 1470 Christe,
733 1418 848 1474 semper
861 1399 948 1457 decus
961 1404 1050 1476 atque
1063 1399 1188 1458 rutilans

235 1476 366 1534 Luciferi
378 1484 448 1535 ante
462 1477 569 1552 ortum,
583 1498 677 1536 canna
690 1480 770 1537 canit
783 1487 819 1537 ut
832 1479 977 1538 Davitica„

234 1556 354 1615 Pollens
367 1557 545 1635 Verbigena,
560 1560 684 1617 formam
698 1561 751 1638 qui
764 1560 890 1618 clemens
902 1559 1077 1617 homiferam

234 1637 415 1715 sumpseras,
429 1659 518 1715 quam
531 1641 624 1698 crucis
637 1661 689 1698 ara
701 1640 841 1720 portavit,
856 1660 908 1698 ara
920 1660 1010 1714 sacra,

233 1717 275 1775 Et
288 1719 368 1778 clara
379 1721 548 1797 propagasti
561 1720 653 1798 stirpe
663 1722 742 1779 orbis
755 1740 808 1799 per
820 1720 996 1779 lustramina

233 1797 276 1856 Te
287 1799 367 1878 (cic)
380 1801 530 1858 ecclesiam
543 1808 642 1878 spreta
655 1821 801 1879 synagoga
811 1802 904 1859 errori
916 1822 999 1878 vaga
1044 1875 1047 1881 Ι

232 1879 316 1938 Hinc
329 1901 399 1958 rogo
413 1881 506 1939 crucis
519 1902 573 1959 per
584 1883 724 1958 stigmata
736 1889 827 1958 atque
839 1883 951 1940 fluenta
964 1902 1017 1960 per
1030 1901 1121 1955 rosea,

233 1960 314 2030 Quos
327 1962 385 2018 tibi
397 1962 473 2020 filios
486 1982 614 2039 procreo,
629 1963 708 2040 reple
721 1965 817 2040 gratia
835 1962 967 2040 caeliflua.

232 2040 307 2099 Fide
316 2042 453 2101 armifera
466 2043 545 2101 mala
557 2044 712 2120 anguifera

233 2121 299 2190 Quo
312 2123 442 2196 vincant,
457 2124 538 2182 curia
551 2130 582 2181 et
594 2125 627 2180 in
640 2124 788 2201 stelligera

233 2202 313 2260 Diva
325 2223 378 2280 per
391 2203 476 2262 saecla
489 2204 629 2262 laetentur
641 2223 756 2262 corona.

793 2362 861 2421 LX.

370 2454 420 2512 Ad
433 2454 589 2531 Sequentia
602 2456 740 2515 Laudent
754 2463 785 2514 te
798 2457 855 2534 pia

370 2548 520 2626 Alleluya.

309 2639 460 2699 Lsunnur
479 2660 611 2701 cosona
631 2659 731 2701 ouum
750 2642 881 2720 pulchra.

309 2720 468 2795 Phaone*
481 2724 575 2794 stella,
589 2744 659 2797 nox,
674 2723 814 2800 Cynthia,
829 2723 900 2793 dies,
914 2742 994 2796 arva,
1009 2723 1093 2796 freta,

310 2801 378 2871 Qua
390 2803 504 2860 virtute
516 2823 571 2881 pro
584 2823 705 2862 munere
718 2823 777 2880 quo
791 2805 906 2880 possint
918 2803 1022 2881 gloria,

309 2881 457 2940 Dextram
470 2884 643 2942 omniferam
657 2883 716 2942 Dei
728 2884 946 2961 plasmatricem
959 2884 1141 2961 sapientiam.

309 2961 426 3020 Canant
438 2983 472 3022 ac
485 2963 619 3040 cymbala
631 2983 711 3022 nunc
730 2969 832 3022 nostra
845 2964 964 3022 tinnula
976 2965 1176 3024 modulamina

309 3042 504 3101 Clementiam
517 3043 704 3104 salvatricem
717 3044 848 3122 ejusdem
861 3045 938 3103 divae
950 3042 1060 3123 sophiae
1070 3046 1244 3107 almificam:

309 3123 382 3194 Quae
395 3124 507 3202 fulgida
520 3126 693 3202 praeviatrix
705 3124 816 3184 invitat
828 3126 879 3203 pia
890 3126 1008 3204 agmina
1019 3125 1196 3186 Christiccla

307 3204 444 3264 Peribcla
456 3207 495 3265 ad
508 3207 636 3283 speciosa
648 3213 800 3284 portarum
815 3207 894 3281 Sion,
906 3207 986 3265 ultra
995 3207 1089 3266 Jacob
1102 3207 1205 3267 deeora
1218 3210 1349 3269 tentoria
1360 3229 1370 3284 ;

308 3285 377 3356 Qua
387 3287 494 3346 rutilat
507 3287 639 3346 Trinitas
651 3288 704 3347 illa
716 3289 803 3347 beata
816 3288 864 3346 sui
876 3287 1033 3366 praesentia
1043 3288 1143 3347 electis
1155 3288 1286 3348 revelata
1296 3310 1306 3362 ς

308 3366 375 3437 Qua
395 3387 454 3445 pax
477 3388 599 3442 summa,
621 3389 681 3446 qua
703 3368 849 3447 splendor,
873 3389 933 3445 qua
955 3369 1042 3427 decus
1062 3377 1176 3443 vernat,
1197 3369 1266 3428 aula
1284 3390 1422 3448 gemmea,

388 3448 470 3525 plebs
482 3469 580 3521 aurea,
593 3469 660 3508 rosa
672 3470 821 3528 purpurea
833 3470 893 3526 qua
905 3449 999 3526 spirat
1011 3469 1045 3508 ao
1057 3448 1120 3508 lilia
1135 3468 1146 3524 3

307 3527 437 3587 Ecclesia
450 3549 510 3607 qua
522 3529 630 3588 clamat
643 3530 789 3588 Hosanna
801 3530 920 3603 celsum,
934 3538 1037 3607 etqua
1050 3529 1202 3590 Cherubin
1215 3538 1246 3589 et
1260 3531 1413 3612 Seraphim

308 3607 434 3668 Sanctus
444 3616 490 3668 ter
503 3611 612 3688 repetit
625 3617 736 3669 aeterna
749 3630 815 3670 eum
829 3610 930 3688 gloria.

306 3689 371 3748 Vos
384 3691 493 3748 beabili
506 3710 566 3768 qua
578 3690 677 3767 palma
689 3691 841 3749 redimitos
855 3692 1018 3772 conjungat

307 3768 378 3847 Ipsa
390 3771 547 3848 multiplex
561 3772 779 3850 bonitas-per
791 3792 821 3830 se
834 3778 940 3830 cuncta
950 3791 1015 3850 quae
1028 3771 1134 3834 salvat.
1173 3771 1220 3834 sia
1234 3773 1283 3834 cui
1295 3775 1383 3837 doxa.
1407 3811 1409 3815 >

791 3954 877 4014 LXI.

352 4060 353 4066 ¹
367 4036 462 4095 Proca
476 4035 586 4096 Omnes
598 4036 701 4096 sancti

367 4129 518 4207 Alleluya.

307 4221 414 4280 Oaros
428 4239 533 4281 sarem
554 4214 724 4297 Sannum,
740 4220 891 4281 Cherubin
904 4240 1030 4302 quoque,
1045 4221 1158 4296 Tironi

307 4301 591 4381 Dominationesque

232 4426 234 4429 ψ
308 4382 505 4463 Principatua,
521 4385 696 4462 Potestates,
710 4384 858 4457 Virtutes,

723 4500 738 4530 θ
752 4496 922 4550 tta-rhet.
