2946 5002
129 339 171 402 48
615 339 712 403 Festa
725 339 843 405 Jana'e'.

176 556 300 625 Qomro
321 572 375 612 nra
396 571 492 612 raras
513 555 656 614 Ocrsvss
678 572 785 614 ssacn
805 556 980 616 Wnnnnnr.
1026 557 1118 634 (Prid.
1135 559 1182 617 Id.
1197 559 1219 618 J
1221 561 1288 639 un.)

188 681 327 756 Officium.
372 679 544 737 Sacerdotes
557 679 613 738 tui

185 761 329 838 Epistola.
373 761 478 819 Omnis
491 761 636 837 pontifex.

187 842 320 901 Gradale.
365 842 501 914 Domine,
517 841 694 918 praevenisti.

185 925 335 1000 Alleluya
386 923 414 982 V.
438 923 502 980 Iste
515 929 641 980 sanctus.

184 1005 348 1081 Sequentia.

487 1084 636 1160 Sospitate
650 1084 766 1140 morbos
780 1084 855 1142 lenit

528 1165 595 1222 Olei
608 1164 722 1238 lanitio,

489 1246 575 1315 Quod
588 1265 607 1302 a
618 1246 724 1302 tumba
736 1245 833 1303 sancti
844 1248 936 1319 venit,

527 1327 641 1383 Visus*
654 1326 833 1384 testimonio.

486 1407 583 1483 Vulgi
596 1407 671 1483 lapsi
684 1407 800 1464 nullum
814 1408 896 1466 laedit

520 1488 615 1562 ,Vasti
628 1488 728 1563 pontis
741 1488 846 1545 fractio
856 1510 865 1562 3

417 1587 419 1590 ’
483 1568 576 1627 Unda
590 1574 711 1644 stupens
724 1569 804 1625 viam
818 1569 900 1626 dedit

525 1648 655 1706 Solidam
670 1650 701 1706 in
716 1649 806 1708 invi0.

481 1731 533 1788 Ab
547 1731 685 1806 absorpto
699 1750 778 1787 mors
791 1731 903 1788 recedit

522 1810 611 1869 Putei
626 1811 757 1883 diluvio;

481 1891 528 1950 Ut
542 1892 678 1968 privatus
692 1892 773 1948 visus
786 1891 874 1965 redit,

521 1974 563 2030 Et
576 1974 703 2031 miratur
715 1973 811 2046 rati03

480 2054 558 2112 Rem
571 2060 634 2111 tarn
648 2074 766 2125 novam,
781 2053 860 2130 quod
874 2055 1014 2130 praecedit

521 2135 670 2192 Habitum
684 2135 820 2210 privatio.

481 2216 595 2272 Surdus
608 2216 710 2291 psallit
723 2234 761 2271 ex
775 2215 889 2289 auditu,

520 2295 626 2352 Mutus
640 2315 678 2352 ex
692 2295 827 2371 eloquio:

480 2376 555 2432 Vita
569 2378 650 2452 viget
663 2395 741 2432 novo
755 2376 818 2433 ritu

520 2456 629 2514 Mortis
642 2457 675 2514 in
688 2456 817 2532 hospitio
830 2479 835 2513 :

478 2537 661 2594 Praeconizat
675 2538 773 2594 virum
788 2537 847 2594 Dei

518 2618 683 2694 Leprarum
697 2618 811 2676 curatio
821 2639 829 2692 ς

478 2698 572 2757 Multi
586 2700 683 2756 morbi
696 2705 823 2776 surgunt
835 2700 863 2757 ei

518 2780 629 2837 Laudis
642 2781 675 2837 in
689 2781 843 2856 praeconio.

477 2861 557 2936 Ergo
571 2862 655 2937 pium
669 2869 784 2937 patrem
798 2862 899 2920 laudet
1002 2930 1004 2935 Ι

520 2942 611 2999 Ohori
620 2943 770 3018 jubilatio,

479 3022 554 3080 Oum
569 3043 628 3099 quo
642 3023 706 3080 caeli
719 3030 810 3081 caetus
823 3025 932 3100 gaudet

520 3103 649 3162 AEterno
663 3104 808 3164 convivio.

177 3203 378 3278 Evoraqelc'um.
422 3203 541 3275 Videte,
557 3204 686 3280 vigilate.

177 3284 370 3358 Offertmium.
414 3283 611 3342 Desiderium.

177 3365 359 3424 Communia
403 3364 540 3437 Domine,
556 3367 696 3443 quinque.

366 3556 467 3614 Snxro
488 3573 543 3613 ma
564 3573 670 3613 ssscrr
691 3555 866 3614 Wrnasarss.
911 3557 970 3635 (Id.
985 3558 1073 3636 Jun)

177 3679 318 3756 Officium.
362 3678 533 3736 Sacerdotes
546 3679 618 3755 ejus.

175 3761 316 3838 Epistola.
361 3759 480 3836 Optavi.

175 3842 311 3902 Grodale.
354 3841 430 3898 Ecce
444 3841 583 3898 sacerdos

174 3925 324 4000 Alleluya.
373 3922 402 3980 V.
425 3920 524 3979 Posui.

173 4005 257 4065 Sexto
271 4005 324 4063 die.
367 4002 553 4079 Sequanam

476 4083 575 4141 Oaetus
588 4087 690 4139 noster
698 4082 886 4159 jocundetur,

476 4164 549 4222 Dies
562 4164 632 4220 laeta
646 4163 791 4240 satieturss

516 4244 634 4303 Oaelesti
647 4244 753 4302 laetitia
763 4264 771 4316 ;

172 4363 185 4388 ¹
201 4359 273 4406 MSS.
285 4359 304 4405 Ο
315 4357 499 4404 endF-Usus.

169 4422 183 4481 †
198 4419 251 4465 MS.
263 4418 291 4474 F,
301 4417 382 4463 which
392 4416 461 4475 gives
471 4417 512 4461 the
523 4415 659 4474 Sequonces
669 4413 696 4457 in
706 4413 758 4470 full,
769 4413 838 4471 givos
848 4427 880 4458 no
891 4414 1014 4474 Sequence
1025 4414 1063 4462 for
1073 4416 1122 4463 thie
1132 4415 1191 4476 day.-

164 4482 185 4542 ·‡
201 4480 240 4527 Ita
249 4477 302 4524 MS.
314 4476 344 4523 D.
375 4476 436 4524 Edd.
447 4475 495 4522 and
505 4474 558 4521 MS.
571 4472 731 4521 0-sccietur.
