2946 5002
705 387 837 472 Kyriea

739 585 798 645 IV.

560 700 679 772 Knms,
701 699 784 758 Fous
805 714 974 758 nouimus.

448 785 452 794 Ι
576 811 659 872 (Yorh,
669 810 760 868 Sarum,
770 811 818 856 aad
826 809 959 870 Herfford)

166 915 271 992 Kyrie,
297 914 364 972 fons
386 912 539 983 bonitatis,
564 911 657 970 Pater
678 913 818 990 ingenite,
840 933 858 970 a
881 931 941 988 quo
965 917 1072 969 cuncta
1095 911 1174 969 hona
1194 912 1370 988 procedunt,

249 996 375 1071 eleyson.
436 999 438 1003 ’
1037 1057 1041 1076 ,

165 1076 271 1154 Kyrie,
287 1075 340 1152 qui
357 1075 422 1153 pati
438 1075 555 1134 Natum
575 1073 681 1132 mundi
701 1075 755 1151 pro
772 1072 906 1146 crimine,
922 1072 1021 1150 ipsum
1041 1079 1077 1131 ut
1097 1073 1235 1146 salvaret,
1249 1074 1371 1149 misisti,

250 1158 294 1215 ele
315 1176 376 1215 son.

166 1237 272 1314 Kyrie,
310 1237 363 1314 qui
386 1236 565 1314 septiformis
587 1235 639 1294 das
659 1235 736 1294 dona
758 1231 997 1310 Pneumatis‚*a
1019 1254 1078 1311 quo
1098 1235 1203 1293 caelum
1222 1241 1304 1294 terra
1325 1256 1371 1294 re-

246 1319 377 1396 plentur,
392 1319 517 1394 eleyson.
612 1336 615 1341 ·

167 1398 293 1470 Christe,
314 1399 401 1456 unice
422 1399 481 1456 Dei
503 1397 601 1455 Petris
621 1397 728 1475 genite,
750 1417 838 1473 quem
859 1396 895 1454 de
914 1394 1031 1472 virgine
1051 1395 1236 1455 nasciturum
1255 1397 1369 1456 mundo

246 1479 368 1538 mirifice
382 1479 477 1538 sancti
489 1478 692 1555 praedixerunt
705 1477 864 1555 propheten,
879 1477 1006 1553 eleyson.

167 1559 283 1619 Christe
307 1561 380 1637 agie,
403 1559 466 1618 caeli
493 1579 609 1636 compos
631 1559 726 1636 regiae,
748 1559 839 1617 melos
862 1558 962 1636 gloriae
985 1558 1033 1615 cui
1056 1577 1170 1636 semper
1190 1563 1289 1616 astans
1313 1579 1368 1636 pro

246 1661 368 1699 munere
381 1641 551 1719 angelorum
564 1640 702 1698 decantat
714 1658 799 1717 epex,
814 1641 940 1717 eleyson.

168 1721 293 1795 Christe,
315 1722 428 1780 ceelitus
445 1721 555 1779 nostris
572 1721 644 1778 assis
668 1721 811 1797 precibus,
828 1721 929 1798 pronis
950 1719 1100 1778 mentibus
1118 1738 1206 1795 quem
1225 1719 1259 1776 in
1279 1720 1368 1778 terris

249 1803 356 1862 devote
369 1802 499 1876 colimus,
515 1802 552 1859 ad
565 1808 605 1875 te,
621 1802 669 1879 pie
682 1802 704 1859 J
706 1822 766 1875 esu,
782 1802 950 1874 clamantes,
966 1800 1093 1876 eleyson.

170 1884 275 1960 Kyrie,
290 1883 418 1961 Spiritus
432 1884 517 1954 alme,
531 1882 678 1941 cohaerens
699 1882 785 1940 Patri
804 1883 953 1962 Natoque,
968 1881 1058 1939 unius
1078 1881 1150 1938 usiae
1170 1881 1365 1955 consistendo,

250 1965 367 2030 fluens†
380 1966 418 2023 ab
431 1971 566 2040 utroque,
583 1963 708 2038 eleyson.

170 2044 275 2122 Kyrie,
298 2046 350 2123 qui
368 2045 517 2122 baptizato
534 2045 567 2101 in
587 2045 609 2102 J
611 2044 719 2102 ordene
739 2043 820 2102 unda
840 2043 960 2104 Christo
981 2041 1123 2120 effulgens
1143 2043 1238 2120 specie
1259 2044 1369 2102 colum-

249 2127 320 2184 bina
333 2127 503 2203 apparuisti,
517 2125 641 2201 eleyson.

169 2205 273 2284 Kyrie,
287 2207 364 2285 iguis
377 2207 487 2278 divine,
500 2212 619 2283 pectora
632 2210 733 2264 nostra
745 2207 898 2280 succende,
913 2213 949 2265 ut
963 2206 1048 2284 digni
1060 2205 1173 2284 pariter
1185 2204 1368 2283 proclamare

248 2289 393 2365 possimus
406 2307 529 2365 semper,
544 2286 670 2363 eleyson.

730 2499 783 2559 ‚V.

640 2613 901 2691 Cuucrrrorrns.‡

559 2781 562 2786 ,
573 2723 656 2782 (l'orlc,
664 2723 754 2784 domm,
764 2723 812 2770 aad
820 2724 954 2785 Hercford)

327 2829 539 2905 Cunctipotens
552 2828 676 2904 genitor,
692 2829 782 2900 Deus,
797 2829 931 2887 omnium
945 2835 1066 2903 creator,
1082 2830 1207 2907 eleyson

325 2910 407 2968 Fons
419 2916 450 2968 et
463 2910 544 2985 origo
557 2907 637 2979 boui,
652 2908 709 2985 pie,
724 2908 836 2987 luxque
848 2910 994 2986 perennis,
1008 2911 1134 2988 eleyson.

326 2990 476 3049 Salvificet
488 2989 582 3065 pietas
595 2994 649 3046 tua
661 3008 724 3061 nos,
738 2990 814 3048 bone
828 2998 933 3062 rector,
947 2991 1073 3066 eleyson.

325 3070 451 3143 Christe,
466 3069 525 3128 Dei
538 3068 683 3146 splendor,
697 3071 803 3144 virtus,
820 3070 977 3148 Patrisque
990 3072 1100 3149 sophia,
1116 3072 1240 3149 eleyson.

323 3151 483 3210 Plasmatis
496 3151 619 3208 humani
632 3150 733 3224 factor,
748 3151 824 3228 lapsi
837 3159 997 3229 reparator,
1011 3154 1137 3230 eleyson.

322 3232 372 3291 Ne
385 3238 439 3290 tua
452 3231 616 3304 damnetur,
631 3231 653 3290 J
655 3251 713 3305 esu,
728 3231 851 3306 factura,
867 3234 993 3311 benigne
1006 3233 1132 3310 eleyson

322 3313 491 3371 Amborum
505 3331 620 3370 sacrum
635 3312 790 3389 Spiramen
803 3333 898 3373 nexus
911 3334 1059 3391 amorque,
1073 3316 1199 3391 eleyson

324 3392 490 3452 Procedens
502 3393 604 3464 fomes,
618 3394 688 3450 vitae
702 3393 776 3466 fons,
792 3395 978 3454 sanctificans
991 3397 1045 3467 vis,
1060 3395 1185 3473 eleyson.

327 3475 476 3552 Purgator
487 3474 590 3550 culpae,
604 3473 698 3531 venite
712 3473 836 3552 largitor
849 3477 962 3553 opimae,

326 3555 459 3613 Offensos
472 3554 545 3627 dele,
560 3573 641 3612 sacro
653 3573 707 3613 nos
720 3575 842 3615 munere
856 3556 944 3635 reple,

326 3635 456 3714 Spiritus
470 3634 554 3708 alme,
569 3635 694 3711 eleyson.

702 3828 704 3834 ¹
736 3843 798 3905 VI.

618 3956 644 4016 0
666 3955 737 4015 Rnx
757 3975 901 4019 casurus.

624 4067 700 4128 (rore
709 4070 757 4116 aad
764 4069 899 4133 Heresord.)

324 4159 352 4233 0'
364 4190 419 4230 rex
432 4171 566 4245 clemens,
581 4190 636 4231 rex
648 4171 845 4251 omnipotens,
860 4174 986 4254 eleyson.

325 4252 468 4312 Conditor
479 4253 528 4332 pie
541 4253 726 4328 immortalis,
740 4255 866 4332 eleyson.

165 4403 257 4506 Pnedm
250 4399 360 4505 ἓξὲξ-*ί
368 4398 410 4458 qui
429 4397 575 4459 septiformis
594 4397 654 4446 dans
675 4396 739 4448 do'ns
761 4401 914 4464 Pneumarey
933 4418 960 4454 or
980 4406 1045 4469 “jqui
1070 4405 1206 4468 septiformi
1230 4404 1274 4452 das
1299 4406 1364 4454 done

221 4519 235 4580 †
250 4518 303 4565 The
317 4515 415 4579 printed
428 4514 548 4565 Hereford
562 4515 648 4566 Missal
660 4517 704 4567 hes
717 4518 823 4568 “flaua'’
985 4524 999 4585 ss
1016 4523 1060 4572 See
1070 4524 1116 4572 Nc.
1127 4524 1211 4571 XXII.
