2946 5002
578 367 686 434 Misso
708 368 747 433 dc
768 366 916 433 Nomine
937 368 1029 434 Jcca.

555 534 686 594 Simonis
699 535 844 606 navicula,

595 615 668 674 Filii
680 615 814 673 tunicula

597 696 646 755 Ne
656 696 808 754 scindatur
821 697 951 774 prohibe.

556 788 667 849 Portus
680 789 895 866 navigantium,

597 869 704 928 Preces
717 870 948 946 supplicantium

599 950 747 1008 Filiorum
760 951 875 1028 suscipe
884 971 895 1024 3

559 1043 719 1102 Consolare
732 1043 853 1115 flebiles,

598 1125 620 1183 J
622 1144 681 1181 uva
694 1124 904 1202 pusillanimes,

600 1205 641 1262 Et
654 1212 785 1263 errantes
799 1206 918 1281 corrige.

561 1299 634 1368 Quae
648 1297 747 1356 Deum
760 1297 930 1356 hominibus

601 1378 642 1435 Et
655 1378 716 1435 ima
729 1379 892 1436 oaelestibus

600 1458 623 1517 J
624 1459 720 1536 ungis,
735 1458 761 1517 Ο
775 1478 937 1536 puerpera3

561 1552 698 1610 Haereses
712 1552 858 1624 interime,

603 1633 768 1691 schismata
780 1639 816 1690 tu
830 1633 952 1706 destino,

545 1744 548 1753 ·
604 1713 705 1772 Firma
714 1714 794 1792 pacis
803 1714 918 1773 foedera
952 1713 1061 1773 Amen.

571 1944 573 1947 Ι
596 1987 698 2046 Mrssn
717 2003 759 2046 nn
779 1988 910 2046 Nonnrn
930 1988 953 2047 J
954 1987 1036 2048 rsa*

281 2160 465 2243 [Quicamuc
487 2160 563 2219 lonc
586 2160 713 2218 Miasena
735 2160 771 2217 de
794 2157 922 2218 Nomine
943 2158 1017 2218 Jeoa
1044 2160 1139 2220 devote
1161 2159 1349 2231 conaverat,
1374 2156 1416 2216 vel

219 2241 471 2317 accesserat,
485 2241 530 2299 vet
541 2240 679 2314 audierit,
693 2240 805 2298 habebit
818 2262 875 2317 pro
889 2241 1016 2316 quelibet
1028 2242 1125 2300 Misso
1138 2241 1198 2300 triu
1214 2241 1311 2299 mittio
1329 2261 1416 2298 corw-

219 2343 289 2419 rapt
301 2322 489 2398 iodabJentioe
501 2343 522 2416 a
534 2322 663 2416 Domino
674 2341 758 2398 popo
778 2321 933 2397 Bonifocc’o
947 2331 1072 2397 qucrt0;
1093 2330 1119 2381 ct
1132 2322 1273 2417 Repertus
1290 2321 1415 2414 Hattup

219 2401 1417 2558 mmigfflfflgpocpsptgpmsppsipleomimmcppissdpcffip

220 2564 547 2729 alpgtippfoduhentiae
568 2565 669 2623 totiens
689 2565 827 2641 quotiens,
844 2565 993 2642 perpetuis
1013 2565 1189 2643 temporibus
1208 2567 1417 2623 duraturos.—

284 2738 423 2814 Officium.

283 2819 323 2876 In
336 2819 456 2877 nomine
469 2818 592 2876 Domini
606 2817 629 2875 J
629 2837 680 2875 esu
694 2837 780 2874 omne
793 2837 871 2893 genu
884 2818 1022 2876 flectatur
1041 2818 1210 2893 caelestium,
1225 2818 1418 2889 terrestrium,

223 2907 255 2958 et
267 2899 468 2958 infernorum:
488 2905 520 2956 et
534 2898 630 2956 omnis
644 2898 745 2974 lingua
759 2900 943 2971 confiteatur,
958 2899 1029 2975 quia
1048 2899 1195 2958 Dominus
1215 2906 1316 2958 noster
1333 2899 1420 2958 Jesus

225 2980 361 3039 Ohristus
374 2980 407 3037 in
420 2979 513 3057 gloria
526 2984 571 3037 est
585 2979 642 3038 Dei
656 2978 762 3037 Patris

284 3075 429 3135 Paabmus.

286 3157 419 3227 ¹[caudato
446 3154 618 3231 Dominum,
646 3157 718 3234 quia
743 3158 838 3215 bonus
865 3157 1030 3216 Dominus:
1064 3158 1181 3236 psallite
1208 3157 1323 3216 nomini
1349 3158 1420 3235 ejus

226 3239 367 3316 quoniam
379 3258 478 3322 suave.

290 3337 400 3397 Oratio.

287 3418 377 3491 Deus,
400 3418 454 3494 qui
473 3417 716 3494 gloriosissimum
736 3438 844 3476 nornen
866 3419 941 3478 Jesu
959 3417 1080 3492 Christi,
1095 3418 1255 3495 Unigeniti
1272 3417 1346 3476 Filii
1368 3416 1422 3485 toi,

228 3500 326 3558 fecisti
352 3498 487 3556 fidelibus
513 3498 575 3556 tuis
602 3499 723 3556 sirmmae
750 3500 906 3558 suavitatis
933 3501 1050 3559 affectu
1067 3500 1201 3573 amabile,
1231 3506 1261 3557 ot
1288 3497 1425 3573 malignis

229 3580 382 3657 spiritibus
401 3578 589 3638 tremendum
602 3599 635 3636 ac
649 3580 799 3651 terribile;
820 3581 943 3639 concede
963 3581 1117 3657 propitius,
1133 3587 1169 3638 ut
1184 3599 1284 3639 omnes
1298 3580 1351 3657 qui
1370 3578 1424 3635 hoc

229 3680 336 3719 nomen
355 3662 462 3719 devote
479 3667 659 3717 venerantur
676 3660 710 3717 in
726 3660 823 3733 terrie,
842 3668 950 3719 sanctae
967 3662 1174 3719 consolationis
1191 3661 1375 3719 dulcedinem
1394 3660 1424 3715 in

229 3742 368 3819 praesenti
381 3741 553 3819 percipiant,
568 3746 600 3798 et
612 3741 646 3797 in
658 3742 760 3798 futuro
773 3741 914 3816 gaudium
935 3743 1143 3801 exsultationis
1156 3748 1186 3800 ct
1196 3740 1426 3799 interminabilis

291 3921 387 3979 Lectio
400 3919 529 3978 Actaeam
542 3918 747 3996 Apostolorum
760 3918 777 3996 (
778 3920 815 3978 iv.
832 3920 926 3999 8-12).
1293 3977 1295 3981 ,

292 4001 332 4058 In
354 4000 457 4059 diebus
480 4000 549 4074 illis,
575 4000 684 4059 Petrus
706 4000 837 4078 repletus
861 4001 977 4079 Spiritu
1003 4003 1112 4061 Sancto
1134 4020 1225 4078 ceptae
1246 4001 1288 4058 cd
1311 4000 1345 4058 in
1368 4017 1426 4076 quo

232 4088 367 4158 oporteat
378 4101 432 4141 nos
445 4081 542 4140 salvos
554 4081 626 4139 fieri.

294 4179 459 4319 (Gidnrfftitkdit
479 4260 561 4320 Deus
575 4261 666 4321 Pater
678 4261 716 4319 ad
729 4259 883 4320 dexteram
901 4282 985 4321 suam
1005 4261 1158 4321 Christum
1170 4261 1193 4320 J
1194 4281 1277 4320 esum
1290 4260 1323 4318 in
1336 4259 1429 4319 cales·

232 4340 314 4399 tibus
334 4361 423 4420 supra
442 4361 560 4401 omnem
579 4342 787 4422 principatum,
809 4349 994 4420 potestatem,
1008 4349 1040 4401 et
1059 4342 1203 4400 virtutem
1223 4349 1254 4402 et
1273 4339 1430 4401 dominati·

402 4511 416 4538 ·
432 4510 888 4560 MS.F.-M1sssnrvrumrrorr
904 4519 1046 4557 mmmm
1061 4505 1180 4557 ronnas
1195 4509 1266 4557 Just.
