2946 5002
619 268 716 331 Festo
729 267 848 334 Joait.

491 434 532 491 Et
546 440 581 491 ut
594 434 693 510 ipsum
708 434 830 511 privent
842 436 916 508 vita,

491 514 681 579 Celebrantes
694 517 812 574 aconita
1025 518 1027 523 ’

531 595 698 672 Propinant
710 597 743 654 in
757 597 854 660 calice.

489 676 670 734 Toxicatura
683 677 816 754 profanis

490 757 547 814 Ille
561 764 658 834 potus,
672 759 724 815 illc
737 759 831 835 panis,

530 837 590 896 Per
603 858 691 915 quem
705 841 784 916 perit
797 839 938 900 toxicum.

489 919 589 976 Ambo
603 921 711 996 praesul
724 921 921 997 amplexatur,

489 999 537 1058 Ut
550 1020 604 1076 per
617 1001 722 1057 vinum
736 1003 892 1074 moriatur,

531 1080 572 1138 Et
585 1082 669 1138 vivat
682 1102 735 1158 per
748 1083 904 1158 reliquum.

489 1161 588 1233 Vivit,
603 1163 788 1239 moriturque
802 1164 941 1239 quidem3

490 1242 548 1300 Sed
563 1263 623 1299 non
636 1250 730 1320 agunt
743 1244 822 1303 circa
835 1244 915 1302 idem

530 1324 723 1381 Fermentum
737 1331 768 1382 et
781 1345 891 1400 azyma.

490 1404 603 1480 Corpus
617 1405 681 1462 obit
694 1425 755 1482 prae
769 1405 933 1479 ferment03

488 1486 671 1559 Azymorum
685 1486 827 1544 alimento

528 1566 696 1642 Vegetatur
709 1567 816 1624 anima.

488 1646 583 1704 Virus
598 1648 674 1704 bibit
687 1668 825 1720 nocuum,

488 1727 654 1805 Risumque
668 1736 844 1805 perpetuum

528 1809 620 1866 Brevi
636 1830 768 1867 mercans
781 1811 919 1886 lacryma.

488 1890 619 1947 Mortem
632 1892 713 1947 subit
727 1890 879 1968 optimam,

487 1969 570 2028 Dum
583 1973 726 2028 sacrando
740 1972 894 2030 victimam

528 2052 579 2109 Fit
593 2053 699 2129 etipse
713 2054 843 2111 victima.

488 2133 513 2191 Ο
528 2133 689 2206 Willelme‚
705 2141 820 2209 martyr
834 2134 949 2192 Christi

486 2214 546 2271 Per
559 2214 694 2285 eundem,
709 2234 797 2290 quem
810 2216 914 2274 bibisti

527 2294 671 2351 Salutaris
686 2295 815 2368 calicem,

486 2374 544 2431 Fer
557 2375 687 2432 solamen
701 2376 812 2432 mundo
826 2377 925 2449 tristi;

486 2456 527 2511 Et
541 2474 629 2531 quem
643 2456 700 2512 tibi
713 2457 878 2532 placavisti,

526 2533 621 2594 Nobis
634 2537 719 2613 placa
734 2536 874 2613 judicem

190 2757 239 2817 Vel
248 2759 382 2834 finiatur
395 2757 561 2837 praecedens
573 2754 729 2832 Sequentia
742 2759 901 2816 secundum
915 2763 1056 2834 quosdam
1069 2764 1121 2824 boe
1133 2767 1225 2826 modo.

484 2865 523 2922 In
538 2864 660 2921 Octavia
674 2864 863 2922 Pentecostes

484 2946 532 3005 Ut
545 2951 606 3002 tres
619 2951 697 3002 terat
710 2952 808 3002 truces
821 2947 928 3018 hostes,

525 3026 703 3083 Trinitatem
717 3027 829 3084 hostiis.

485 3108 589 3165 Placet
602 3114 718 3184 patrem
731 3108 781 3184 pio
796 3115 885 3182 nato,

484 3189 585 3246 Verbo
599 3194 686 3246 vacat
702 3208 782 3261 voce,
797 3195 876 3263 voto,

525 3270 615 3327 Flatu
629 3271 736 3346 flagrat
749 3271 886 3328 flaminis.

484 3351 556 3408 Post
569 3351 725 3409 missarum
739 3359 922 3410 sacramenta

484 3432 647 3508 Epularum
663 3432 806 3490 alimenta

524 3514 630 3570 Pastor
647 3514 757 3588 praebet
770 3513 894 3571 ovibus:

484 3593 569 3650 Forti
582 3595 662 3651 febre
675 3593 839 3669 fatigatur3

484 3674 611 3750 Tempus
624 3675 718 3731 instat
731 3680 766 3730 ut
782 3675 928 3751 jungatur

524 3754 654 3812 Summis
667 3754 732 3812 caeli
745 3755 867 3813 civibus.

484 3835 566 3908 Ossa,
582 3837 695 3906 tumba,
710 3835 853 3893 feretrum

484 3915 607 3973 Sacrum
620 3917 729 3974 sudant
743 3915 859 3990 oleum;

524 3996 572 4054 Ut
584 4017 684 4054 aroma
697 3997 838 4055 redolent.

483 4077 605 4153 Corpus
622 4079 709 4136 carbo
722 4079 842 4153 pariter,

483 4158 576 4235 Ignis,
591 4166 688 4217 vestes
703 4159 817 4235 jugiter

524 4239 648 4297 Illibata
668 4246 849 4316 permanent.
929 4243 932 4257 '

482 4320 572 4378 Justo
587 4320 672 4377 vellit
690 4321 797 4394 oculos,

484 4401 565 4472 Quos
581 4401 657 4477 jacit
670 4402 840 4479 in'populos

523 4482 639 4559 Pugilis
659 4483 836 4542 immanitas
