2946 5002
555 337 651 404 Festo
672 337 817 424 Aprilis.
1244 343 1285 406 29

145 503 328 564 Communia

143 586 276 644 Gaudete
312 585 388 662 justi
425 584 458 642 in
496 585 635 657 Domino,
675 585 810 662 alleluya,
845 590 940 643 rectos
977 585 1061 644 dccet
1099 586 1283 660 collaudatio,

81 667 219 743 alleluya

142 746 406 806 111111111111111.1
1009 793 1012 801 .

142 829 230 887 Sacro
255 847 376 885 munere
404 827 504 885 satiati
532 825 677 903 supplices
703 833 742 899 te,
770 826 906 900 Domine,
928 828 1127 904 deprecamur,
1148 835 1184 888 ut
1208 829 1286 906 quod

77 910 187 968 debitae
208 910 362 967 servitutis
384 908 562 966 celebramus
583 908 685 980 officio,
705 908 876 965 salvationis
893 914 953 967 tuae
971 910 1134 967 sentiamus
1149 930 1287 987 augmen·

79 998 156 1050 turn.
200 990 267 1049 Per.

312 1177 423 1234 Ssrcrr
445 1176 589 1247 Gronau,
613 1192 775 1234 1111111111.
820 1176 872 1254 (ix.
889 1177 959 1235 Kal.
975 1176 1062 1257 Mai.)

145 1299 287 1375 Officium.

141 1380 307 1439 Protexisti
346 1399 402 1450 me,
431 1380 522 1450 Deus,
559 1398 578 1436 a
612 1385 760 1436 conventu
794 1379 1030 1456 malignantium,
1073 1381 1224 1459 alleluya:
1268 1403 1286 1441 a

78 1462 277 1522 multitudine
291 1461 477 1537 operantium
489 1459 688 1536 iniquitatem,
704 1459 840 1536 alleluya,
855 1460 989 1537 alleluya.

142 1544 290 1600 Psalmus.

141 1624 264 1683 Exaudi
277 1623 360 1681 Deus
374 1622 536 1680 orationem
546 1641 651 1694 meam,
665 1641 733 1679 cum
747 1622 904 1700 deprecor:
929 1643 947 1679 a
960 1624 1066 1682 timore
1079 1624 1193 1683 inimici
1206 1626 1287 1704 eripe

79 1725 213 1766 ammam
226 1724 331 1761 meam.

144 1786 255 1845 Oratio.

142 1869 234 1938 Deus,
257 1865 311 1943 qui
331 1884 385 1922 nos
406 1863 486 1922 beati
509 1863 628 1940 Georgii
649 1865 789 1940 martyris
810 1864 857 1921 tui
884 1865 998 1922 meritis
1021 1872 1052 1922 et
1077 1866 1287 1928 intercessione

80 1949 224 2018 laetificae,
247 1946 372 2004 concede
393 1945 549 2022 propitius,
572 1953 607 2002 ut
629 1946 681 2021 qui
702 1947 765 2021 ejus
787 1945 927 2003 beneficia
947 1948 1102 2023 poscimus,
1121 1949 1197 2007 dono
1224 1956 1286 2008 tuae

80 2030 186 2108 gratiae
200 2046 422 2104 consequamur.
466 2026 531 2084 Per.

142 2109 285 2186 Epistola.
329 2107 442 2165 Scimus
457 2105 595 2182 quoniam
609 2107 635 2163 si
649 2107 805 2164 terrestris.

142 2191 291 2265 Alleluya.
341 2188 370 2245 V.
394 2188 624 2244 Confitebuntur
639 2188 704 2244 caeli
717 2188 865 2245 mirabilia
885 2193 946 2260 tua,
963 2189 1113 2247 Domine:
1134 2197 1166 2248 et
1178 2193 1286 2250 verita·

81 2279 143 2330 tem
157 2278 242 2328 tuam
256 2272 289 2328 in
303 2269 424 2349 ecclesia
437 2275 613 2326 sanctorum.

143 2352 293 2427 Alleluya.
336 2352 364 2409 V.
386 2350 521 2426 Angelus
535 2349 659 2406 Domini
672 2350 823 2407 descendit
836 2350 871 2407 de
881 2349 959 2422 caelo,
969 2357 1000 2408 et
1009 2351 1147 2410 accedens
1160 2354 1287 2411 revolvit

80 2433 210 2511 lapidem
225 2455 231 2490 :
260 2439 291 2490 et
305 2432 424 2489 sedebat
437 2450 526 2506 super
539 2449 614 2487 eum.

142 2514 308 2589 Sequentia.
352 2511 513 2588 Organicis,
529 2519 564 2566 ut
577 2511 611 2567 ia
626 2509 791 2569 Communi.

141 2595 346 2670 Ecaapetium.
390 2593 422 2650 Si
436 2592 502 2669 quis
516 2591 584 2648 vult
596 2598 664 2668 post
679 2612 725 2649 me
741 2592 848 2650 venire.

144 2675 340 2750 offertorium.

144 2757 375 2814 Confitcbuntur
398 2754 462 2812 caeli
483 2752 631 2810 mirabilia
655 2760 717 2825 tua,
741 2753 886 2812 Domine:
917 2761 947 2812 et
968 2754 1126 2813 veritatem
1149 2763 1234 2815 tuam
1254 2759 1287 2816 in

80 2838 203 2898 ecclesia
216 2843 394 2908 sanctorum,
408 2834 544 2910 alleluya,
558 2834 693 2910 alleluya.

142 2918 284 2978 Secretai

142 2999 280 3071 Munera,
303 2997 439 3065 Domine,
462 2997 562 3054 oblata
589 2996 747 3069 sanctifica,
771 3003 802 3054 et
825 2996 1025 3056 intercedente
1048 2998 1135 3057 beato
1160 2999 1287 3077 Georgio

80 3088 214 3157 martyre
235 3087 298 3152 tuo,
320 3099 373 3155 per
396 3077 458 3135 haec
481 3098 500 3134 a
517 3084 704 3154 peccatorum
724 3084 892 3135 nostrorum
914 3079 1035 3137 maculis
1049 3079 1184 3138 emunda.
1227 3082 1286 3140 Per

81 3163 248 3224 Dominum
268 3168 410 3218 nostrum.

144 3241 325 3303 caemento.

144 3323 310 3381 Laetabitur
326 3322 426 3397 justus
439 3320 472 3376 in
486 3319 624 3392 Domino,
640 3326 670 3378 et
683 3320 814 3396 sperabit
826 3320 859 3376 in
871 3340 906 3378 eo
919 3342 925 3378 :
947 3327 977 3379 et
990 3321 1172 3380 laetabuntur
1185 3343 1286 3382 omnes

81 3405 157 3464 recti
175 3403 269 3474 corde,
283 3402 419 3477 alleluya,
434 3400 568 3478 alleluya.

144 3481 408 3556 Postcommuaio.‡

144 3565 297 3643 Supplices
313 3569 344 3621 te
365 3582 511 3641 rogamus,
530 3563 716 3638 omnipotens
734 3563 824 3636 Deus,
845 3568 880 3619 ut
901 3583 973 3640 quos
994 3564 1056 3621 tuis
1078 3565 1172 3623 reficis
1194 3586 1285 3624 sacra-

143 3730 156 3756 *
176 3729 230 3774 MS.
250 3727 460 3774 D.-Sacramenti
474 3726 517 3781 tui,
533 3725 643 3781 Domine,
660 3738 807 3783 quaesumus,
823 3728 918 3782 sumpta
934 3725 1069 3772 benedictio
1085 3741 1185 3784 corpora
1201 3733 1285 3775 nostra

83 3793 223 3847 mentesque
238 3786 383 3840 sanctificet;
413 3789 438 3831 et
454 3789 590 3830 sanctorum
605 3789 739 3842 martyrum
755 3787 850 3829 tuorum
868 3785 981 3842 Tiburtii,
998 3784 1128 3843 Valeriani,
1144 3791 1168 3832 et
1185 3787 1285 3834 Maximi

81 3847 294 3898 intercessionibus
305 3845 455 3903 sempiternae
465 3845 548 3901 gloriae
557 3843 699 3889 ascribendo
709 3856 754 3887 nos
764 3847 889 3901 praeparet.
922 3844 970 3889 Per
979 3844 1117 3890 Dominum.

144 3907 206 3953 This
220 3919 305 3964 agrees
319 3904 379 3950 with
393 3905 433 3950 the
450 3903 542 3949 Sarum

141 3983 223 4045 †MS.
240 3981 400 4029 n-smaa.
442 3979 570 4025 Offerimus
590 3979 643 4035 tibi,
659 3977 769 4037 Domine,
790 3978 903 4023 sollemne
923 3979 1066 4024 sacrificium
1085 3994 1131 4038 pro
1151 3986 1284 4030 veneranda

85 4044 162 4092 sancti
183 4041 283 4100 Georgii
297 4040 412 4098 martyris
426 4039 463 4084 tui
478 4039 596 4096 passione,
612 4038 765 4097 deprecantes
781 4037 931 4083 clementiam
946 4042 1019 4094 tuam,
1036 4042 1064 4083 ut
1079 4053 1122 4096 per
1138 4040 1189 4086 baec
1205 4056 1284 4088 sacro-

86 4107 165 4149 sancta
174 4101 291 4161 mysteria
299 4098 392 4157 antiqui
402 4098 480 4144 bostis
490 4099 645 4153 tentamenta,
654 4099 678 4142 te
688 4097 858 4154 triumphante,
866 4097 1000 4155 vincamus,
1006 4101 1029 4142 et
1040 4101 1136 4143 aeternae
1146 4113 1284 4154 remunera-

85 4162 157 4210 tionis
181 4161 299 4217 roemium,
308 4161 333 4203 te
343 4158 468 4215 largiente,
478 4170 659 4214 consequamur.
690 4155 737 4200 Per
747 4155 883 4200 Dominum

144 4176 205 4266 riis
214 4232 301 4278 agrees
310 4217 370 4262 with
380 4217 420 4261 the
432 4216 525 4261 Sarum.

143 4298 156 4356 ‡
171 4296 222 4342 MS.
238 4290 484 4341 D.-Postcommanio.
514 4290 607 4336 Mensae
622 4289 725 4335 calestia
745 4288 824 4334 satiati
840 4289 971 4345 dulcedine,
986 4289 1109 4337 humiliter
1123 4296 1147 4338 te
1162 4307 1284 4353 rogamus,

87 4356 233 4415 omnipotens
250 4355 332 4409 Pater,
342 4354 370 4396 ut
380 4350 541 4395 intercedente
551 4349 621 4394 beato
635 4349 742 4406 Georgio
756 4351 861 4406 martyre
877 4352 929 4405 tuo,
944 4350 1126 4397 resurrectionis
1141 4353 1193 4412 eJ’us
1209 4356 1284 4402 simus

86 4415 168 4477 pertici
198 4429 218 4475 s,
227 4413 301 4472 cujus
313 4423 398 4457 sumus
408 4413 485 4454 morte
494 4408 616 4467 redempti.
648 4408 695 4453 Per
705 4407 843 4452 Dominum.

145 4474 189 4520 'I''
212 4485 300 4532 agrees
309 4470 371 4516 with
381 4469 423 4514 the
434 4468 526 4514 Sarum.
