2946 5002
144 371 186 432 40
630 368 727 432 Festo
741 367 857 432 Junii.

201 533 385 595 ,Contacta
428 535 563 605 Domine,
578 535 709 612 quinque
722 534 843 593 talenta

203 615 447 674 Postcommaaio.

204 695 316 753 Mensae
336 697 457 754 caelestis
477 696 703 773 participatione
723 696 853 772 vegetati
874 695 1020 771 supplices
1040 701 1071 752 te
1093 714 1240 771 rogamus,
1255 694 1345 752 omni·

143 781 248 853 potens
262 776 353 848 Deus,
368 785 402 835 ut
423 778 499 835 sicut
515 778 551 835 de
571 778 651 836 beati
664 777 830 854 Augustini
850 783 993 853 perpetua
1013 775 1225 853 glorificatione
1247 795 1345 832 annua

143 856 314 914 celebritate
326 859 496 934 gaudemus
511 859 556 916 ita
569 859 647 935 apud
662 865 692 916 te
706 859 798 936 ipsius
811 858 1017 916 intercessione
1033 858 1070 914 ab
1084 857 1166 914 omni
1179 875 1345 913 mereamur

144 938 321 996 adversitate
335 939 460 997 defendi
504 940 569 997 Per.

245 1182 356 1240 Saron
379 1181 535 1252 Granum,
559 1195 693 1238 n1²1scor1
714 1195 752 1235 ur
772 1193 980 1237 cournssolus.
1018 1175 1055 1253 (v.
1073 1175 1142 1234 Kal.
1158 1175 1246 1254 Jun.)

208 1334 348 1409 Officium.
391 1336 506 1393 Statuit
519 1336 553 1393 ei

206 1415 316 1473 Oratio.
361 1416 417 1485 Da,
432 1436 606 1492 quaesumus.

205 1497 347 1572 Epistola.
390 1497 466 1555 Ecce
479 1497 618 1554 sacerdos.

207 1577 341 1634 Gradole.
385 1578 494 1636 inveni
511 1577 617 1635 David.

206 1658 355 1735 Alleluya.
405 1659 433 1716 V.
457 1659 606 1734 Disposui.

205 1752 406 1827 Evaapeliaua
450 1753 551 1810 Homo
565 1751 686 1829 quidam
698 1771 826 1828 peregre.

206 1832 401 1906 Qffertorium.
443 1834 572 1892 Veritas.

204 1912 385 1993 Communia
428 1915 538 1974 Beatus
551 1934 660 1974 semis.

188 2152 317 2211 Sanora
338 2153 551 2226 Paraournmn,
574 2169 712 2210 ussurus
733 2168 798 2224 uox
818 2165 979 2209 usnrrms.
1024 2148 1117 2227 (Prid.
1134 2148 1205 2207 Kal
1221 2148 1243 2206 J
1245 2149 1308 2220 un.)

205 2307 345 2381 Officium.
390 2309 540 2367 Dilexisti

205 2388 314 2446 Oratio.
359 2390 553 2466 Omnipotens
567 2388 745 2464 sempiterne
759 2388 848 2446 Deus.

203 2469 320 2544 Epistol
339 2514 345 2526 .
389 2470 540 2546 Sapientia
554 2470 696 2527 laudabit

204 2549 338 2608 Gradale.
384 2550 485 2626 Specie
499 2557 560 2608 tua.

203 2631 351 2706 Alleluya.
400 2633 428 2690 V.
453 2632 570 2689 Diffusa
584 2638 635 2692 est.

201 2724 402 2799 anupeliam.
446 2724 549 2781 Simile
563 2730 608 2782 est
621 2744 745 2801 regnum
760 2725 897 2782 caelorum
911 2724 1012 2781 decem
1024 2722 1198 2800 virginibus.

203 2803 397 2878 offertorium.
442 2805 620 2878 Offerentur‚
636 2807 743 2864 minas.

203 2884 385 2944 Commutatio.
429 2886 553 2944 Diffusa.

374 3117 486 3176 Sauum
507 3117 692 3191 Nrconunrs,
715 3134 875 3177 naurrms.
920 3116 1002 3195 (Kal.
1017 3113 1105 3194 Jun.)

198 3283 340 3360 Officium.
383 3287 550 3345 Laetabitur
558 3288 667 3364 justus

197 3373 356 3533 giiiifoui
368 3476 423 3513 nos
436 3458 516 3514 beati
530 3457 701 3515 Nicomedis
718 3456 859 3533 mamyris
879 3455 926 3513 tui
947 3455 1061 3513 meritis
1081 3460 1113 3511 et
1131 3452 1339 3510 intercessione

134 3535 274 3611 laetificas,
290 3538 414 3595 concede
437 3538 592 3615 propitius,
613 3545 649 3595 ut
673 3539 725 3614 qui
750 3540 814 3614 ejus
835 3537 978 3595 beneficia
1001 3534 1157 3613 poscimus,
1177 3533 1255 3592 dono
1279 3540 1338 3591 tua

135 3619 238 3696 gratiae
252 3638 473 3695 consequamur.
517 3619 582 3679 Per.

196 3711 337 3789 Epistola.
381 3710 478 3769 Nemo
492 3712 631 3769 militans.

199 3803 333 3863 Gradale.
377 3804 516 3862 Posuisti.

195 3886 345 3962 Alleluya.
394 3887 422 3944 V.
446 3885 548 3944 Gloria
562 3886 724 3943 ethonore.

194 3980 397 4056 anaqeliam.
440 3978 510 4036 Nisi
522 3999 647 4057 granum
661 3977 812 4036 frumenti.

195 4072 389 4148 Offertoriam.
433 4073 473 4131 In
486 4073 600 4131 virtute
614 4078 682 4130 tuae.

194 4168 330 4319 imit,
347 4248 485 4320 Domine,
500 4247 599 4305 oblata
613 4245 784 4319 sanctifica3
804 4251 835 4303 et
854 4244 1056 4302 intercedente
1073 4245 1161 4302 beato
1175 4243 1336 4303 Nicomede

133 4336 265 4405 martyre
289 4335 352 4402 tuo,
374 4349 428 4387 nos
449 4349 502 4406 per
521 4328 583 4387 haec
607 4348 625 4386 a
648 4333 834 4405 peccatorum
859 4331 1030 4383 nostrorum
1052 4326 1176 4384 maculis
1198 4324 1333 4384 emunda

135 4409 200 4469 Per.

195 4490 374 4551 Coruncanio.
419 4490 479 4561 Qui
493 4491 560 4548 vult
572 4491 675 4549 venire
688 4495 756 4568 post
769 4508 825 4546 me.
