2946 5002
493 323 588 389 Festo
609 321 813 408 Septembris.

184 489 263 548 Odas
273 493 362 564 atque
375 489 470 546 solvat
483 489 583 547 concio
596 489 654 547 tibi
666 495 775 560 nostra,

183 569 258 627 (lum
268 571 333 645 jam
345 575 525 628 renovantur
538 569 691 627 Michaelis
704 570 815 645 inclyta
829 569 913 626 valde
926 570 1008 642 festa,

184 650 242 708 Per
255 670 342 726 quem
356 649 522 707 laetabunda
535 656 709 726 perornatur
722 650 857 707 machina
870 651 973 707 mundi
987 657 1057 708 tota

184 731 294 789 Novies
308 731 446 788 distincta
459 737 651 807 pneumatum
664 737 734 805 sunt
747 730 863 807 agmina
879 737 974 806 perte
988 732 1074 802 facta,

183 811 242 870 Sed
255 831 322 869 cum
335 811 380 868 vis
393 812 464 869 facis
477 812 538 869 haec
551 812 685 868 flammea
697 830 750 887 per
763 810 907 887 angelicas
921 811 1056 869 officinas.

183 893 268 950 Inter
280 893 419 968 primaeva
432 897 503 949 sunt
515 892 577 949 haec
590 890 675 949 nam*
688 897 785 949 creata
797 897 867 949 tua:
888 911 955 948 cum
972 893 1063 949 simus
1077 911 1129 950 nos
1142 893 1249 951 ultima

261 973 385 1043 factura,
399 972 449 1030 sed
462 973 559 1049 imago
573 978 633 1029 tua.

182 1053 329 1129 Theologa
339 1054 534 1128 categorizant
547 1052 678 1129 symbola
688 1051 772 1110 nobis
781 1053 843 1110 haec
852 1057 899 1110 ter
908 1053 1059 1130 tripertita
1071 1072 1124 1130 per
1132 1055 1250 1131 privata

264 1133 357 1190 officia
368 1152 377 1205 3

184 1214 271 1272 Plebs
288 1213 426 1289 angelica,
437 1213 567 1290 phalanx
577 1219 607 1271 et
620 1212 827 1289 archangelica,
836 1213 1005 1290 principans
1018 1220 1126 1288 turma,
1142 1216 1249 1273 virtus-

262 1313 319 1370 que
332 1294 460 1365 uranica,
476 1313 509 1351 ac
522 1299 651 1370 potestas
664 1294 842 1369 almiphona,

183 1375 376 1433 Dominantia
389 1375 519 1445 numina,
533 1375 691 1450 diuinaque
704 1374 849 1448 subsellia,

185 1455 335 1513 Cherubin
349 1455 482 1526 aetherea,
497 1461 527 1513 et
542 1455 685 1531 Seraphin
698 1455 850 1530 ignicoma.

183 1535 255 1607 Vos,
272 1536 299 1593 0
314 1536 442 1593 Michael
455 1536 518 1593 caeli
531 1543 654 1612 satrapa,
667 1535 844 1611 Gabrielque
854 1554 924 1592 vera
937 1536 1010 1594 dans
1022 1535 1119 1595 Verbi
1132 1538 1248 1611 nuntia,

182 1615 285 1692 Atque
303 1616 436 1692 Raphael
449 1616 519 1673 vitae
532 1617 662 1688 vernula,
677 1616 834 1673 transferte
847 1636 900 1673 nos
914 1616 993 1674 inter
1003 1617 1215 1677 Paradisicolas
1229 1641 1235 1677 ε

183 1696 303 1755 Parvos
316 1697 414 1755 Patris
427 1703 533 1755 cuncta
543 1697 726 1773 complentur
739 1697 885 1768 mandata,
901 1716 966 1773 quae
980 1697 1032 1755 dat
1153 1743 1155 1747 Α

184 1776 324 1853 Ejusdem
338 1777 455 1854 Sophia,
470 1797 587 1854 compar
599 1796 714 1854 quoque
724 1776 865 1848 Pneuma,
875 1796 934 1834 una
942 1796 1116 1853 permanens
1129 1779 1248 1837 inusia:

181 1857 241 1916 cui
253 1858 323 1916 estis
335 1858 572 1915 administrantia
585 1858 658 1929 Deo,
672 1857 766 1914 millia
779 1857 906 1915 millium
919 1877 1000 1914 sacra

184 1937 272 1996 Vices
282 1958 336 2014 per
348 1939 393 1996 bis
407 1939 528 2015 quinas:
548 1939 594 1995 bis
607 1944 696 2014 atque
709 1938 856 2015 quingena
869 1938 945 1995 dena

179 2017 312 2077 Centena
324 2019 445 2077 millena
457 2019 599 2076 assistunt
611 2019 644 2075 in
657 2018 731 2090 aulo,
744 2018 782 2077 ad
794 2038 884 2095 quam
897 2037 950 2075 rex
960 2037 1045 2077 ovem
1058 2019 1248 2078 centesimam

183 2098 381 2176 Verbigenam
394 2100 602 2176 dragmamque
615 2099 757 2156 decimam
772 2105 869 2157 vestra
882 2099 970 2156 duxit
983 2118 1071 2175 supra
1084 2101 1237 2178 agalmata.

183 2179 245 2237 Vos
258 2199 312 2257 per
324 2181 440 2252 aethera,
456 2200 509 2238 nos
522 2199 574 2256 per
586 2199 664 2251 rura,
679 2178 754 2238 dena

184 2259 256 2318 Pars
269 2260 369 2332 electa,
384 2261 543 2318 harmonia
556 2265 626 2318 vota
639 2260 742 2318 damus
755 2259 939 2337 hyperlyrica
953 2259 1082 2320 cithara:

182 2341 249 2410 Quo
262 2348 330 2417 post
344 2340 421 2399 bella
435 2341 588 2399 Michaelis
601 2341 713 2417 inclyta

184 2421 249 2479 Deo
261 2428 362 2480 nostra
375 2423 435 2479 sint
448 2427 566 2498 accepta
579 2441 697 2480 auream
710 2421 786 2480 circa
799 2440 880 2479 aram
894 2421 1104 2498 thymiamata:

185 2503 249 2572 Quo
262 2503 295 2559 in
308 2522 403 2560 ooaeva
413 2503 477 2577 jam
489 2502 582 2578 gloria

184 2581 433 2641 Oondecantemus
446 2581 594 2658 Alleluya.

126 2734 290 2796 Secundum
309 2738 484 2797 Mattiacas
497 2738 593 2815 (atriti.
612 2738 706 2816 1-10).

125 2829 164 2888 In
189 2831 241 2888 illo
267 2835 405 2908 tempore,
429 2831 625 2888 Accesserrmt
646 2830 781 2906 discipuli
807 2829 846 2888 ad
871 2829 976 2889 Jesum
999 2829 1148 2890 dicentes:
1177 2832 1251 2902 Quis

62 2916 152 2988 putas
164 2912 259 2989 major
272 2917 316 2970 est
328 2931 417 2987 aeque
430 2913 472 2970 ad
485 2911 537 2989 qui
550 2912 582 2968 in
595 2911 674 2969 caelis
688 2917 740 2969 est.

125 2998 226 3057 Credo.

126 3095 318 3172 offertorium.

125 3188 217 3247 Stetit
237 3190 357 3265 angelus
379 3191 469 3267 juxta
492 3210 573 3248 aram
594 3189 697 3266 templi
723 3190 833 3248 habens
859 3188 1046 3248 thuribulum
1072 3210 1194 3249 aureum
1217 3192 1250 3248 in

64 3288 155 3327 manu
168 3289 238 3328 sua:
259 3277 290 3329 et
303 3270 372 3328 data
384 3278 455 3329 sunt
472 3271 500 3329 ei
519 3271 637 3330 incensa
655 3271 758 3343 multa,
774 3276 805 3328 et
823 3270 955 3328 ascendit
973 3271 1072 3328 fumus
1085 3279 1250 3330 aromatum

65 3351 97 3408 in
110 3350 267 3426 conspectu
280 3351 347 3422 Dei,
362 3351 495 3427 alleluya

125 3446 246 3506 Secreto.

125 3527 249 3585 Hostias
269 3527 335 3600 tibi,
359 3527 495 3600 Domine,
520 3527 617 3586 laudis
639 3526 786 3585 offerimus
808 3526 978 3603 suppliciter
999 3527 1195 3604 deprecantes,
1215 3534 1251 3585 ut

60 3607 187 3680 easdem,
199 3608 329 3684 angelico
342 3627 395 3684 pro
408 3609 492 3666 nobis
505 3609 719 3667 interveniente
733 3608 879 3684 suffragio,
891 3613 921 3665 et
931 3608 1063 3685 placatus
1077 3609 1250 3685 accipisset

59 3688 102 3746 ad
116 3688 241 3746 salutem
253 3695 384 3746 nostram
396 3690 551 3766 provenire
564 3689 711 3748 concedes.
754 3688 813 3747 Per
825 3689 996 3746 Dominum.

127 3783 309 3845 Communia

124 3865 296 3924 Benedicite
308 3885 408 3924 omnes
420 3866 517 3945 angeli
531 3866 663 3940 Domini,
678 3866 807 3925 Domino
820 3887 827 3926 :
840 3866 985 3944 hymnum
999 3865 1098 3940 dicite,
1113 3872 1143 3924 et
1153 3885 1251 3943 super-

61 3945 194 4005 exaltate
207 3966 275 4005 eum
288 3948 321 4005 in
331 3946 442 4006 saecula.

124 4044 366 4104 Poatcontncuaio.

125 4137 212 4196 Beati
237 4137 406 4213 archangeli
432 4139 479 4195 tui
500 4137 655 4196 Michaelis
681 4137 887 4197 intercessione
915 4137 1030 4196 suffulti
1054 4137 1197 4215 supplices
1211 4143 1250 4209 te,

66 4215 204 4360 fflgie’,
212 4219 426 4359 lqieerprecamur,
454 4226 490 4277 ut
515 4237 589 4296 quos
615 4219 725 4277 honore
751 4219 966 4297 prosequimur,
992 4219 1195 4296 contingamus
1221 4224 1252 4276 et

504 4427 518 4454 ¹
533 4427 592 4475 an
603 4426 651 4473 and
661 4426 818 4490 MSS-jam.
