2946 5002
713 369 833 433 Prosae.

253 534 347 612 Cujus
360 536 503 594 nativitas
517 542 561 593 est
575 541 641 592 orta
652 535 806 611 perspicua
821 534 869 593 die
881 535 947 605 ista,

252 616 364 692 Ampla
377 617 481 674 mundi
494 636 584 693 regna
597 616 662 673 luce
676 636 783 691 magma
796 616 913 673 radians
927 614 1072 675 universa.

253 696 421 754 Harmonia
433 697 559 754 melodia
572 716 720 773 concrepa,
736 696 915 772 palinodiam
928 702 1016 753 canta
1028 716 1099 754 voce
1113 696 1289 766 laetabunda,

253 777 294 834 Et
303 777 401 853 jubila
414 777 557 835 clarisona
569 777 717 854 proclama
730 777 859 853 qualiter
873 779 927 834 hac
939 777 972 833 in
986 778 1033 834 die
1046 779 1087 834 sit
1099 784 1188 835 natus
1202 777 1349 853 Baptista

252 857 385 916 Adstans
398 859 436 915 ab
452 859 514 916 alta
524 858 645 934 augelus
658 857 734 930 aula,
749 857 906 928 Abscedat,
921 857 1029 934 inquit,
1043 878 1143 934 pavor,
1159 858 1320 930 Zacharia,

254 939 367 996 Anima
379 959 461 997 sacra
474 939 591 1016 placens
605 939 637 995 in
650 938 743 995 aethra
756 944 801 996 est
814 939 910 1014 proles
923 940 960 995 ab
975 938 1029 995 hoc
1042 940 1112 996 data
1125 940 1180 995 tihi
1195 951 1280 1014 grata
1291 958 1299 1011 3

171 1088 173 1092 .
252 1018 312 1077 Per
331 1039 420 1096 quam
441 1020 571 1076 maxima
586 1020 644 1076 tibi
661 1020 768 1095 gaudia
787 1019 914 1088 venient,
930 1038 1044 1076 summa
1066 1025 1096 1076 et
1114 1020 1260 1096 tripudia,
1280 1027 1373 1095 atque

332 1101 426 1157 multa
439 1101 577 1177 gaudebit
586 1100 716 1177 jocunda
729 1099 831 1176 populi
844 1106 943 1156 turma
957 1099 1132 1159 Christiana.

252 1177 360 1238 Hunc*
373 1182 504 1256 gratuita
517 1181 565 1237 dei
576 1181 672 1256 gratia
684 1181 706 1237 J
708 1180 854 1237 ohannem
864 1180 985 1255 plenum
998 1187 1076 1238 certe
1090 1181 1218 1252 nomina,

252 1261 345 1317 Suum
360 1262 429 1337 quia
442 1267 591 1319 auctorem
604 1268 738 1318 materna
751 1260 860 1318 sentiet
872 1261 954 1317 intra
967 1261 1082 1318 clausus
1095 1267 1190 1319 antra.

253 1342 394 1399 Zacharia
407 1342 444 1398 ad
457 1341 518 1399 haee
532 1342 637 1398 nuntia
650 1347 784 1418 gestante
797 1351 916 1417 pectora
928 1341 1088 1415 incredula,

251 1421 345 1479 Fiunt
358 1431 442 1479 muta
455 1425 557 1480 statim
570 1423 657 1493 labia,
673 1442 782 1498 organa
795 1421 974 1479 clauduntur
986 1423 1127 1499 loquacia.

251 1502 309 1559 Sed
322 1503 376 1560 hac
390 1510 492 1561 sancta
504 1503 675 1579 splendente
687 1523 789 1579 ymera
803 1502 872 1559 caelo
886 1522 992 1579 magna
1006 1511 1036 1560 et
1050 1505 1139 1561 dante
1152 1502 1274 1574 lumina,

251 1583 352 1640 Mater
364 1584 442 1642 alma
454 1604 507 1660 per
520 1584 652 1660 angelica
664 1585 755 1641 verba
767 1583 850 1640 adest
863 1583 940 1657 laeta,
955 1584 1088 1660 fecunda,
1102 1585 1217 1642 florida.

252 1663 278 1720 0
292 1664 367 1721 mira
381 1684 487 1742 magna
499 1667 627 1740 gratiosa
640 1665 698 1722 Dei
712 1683 841 1721 munera.

251 1745 324 1815 Quae
336 1745 439 1820 lingua
451 1751 538 1802 tanta
550 1746 630 1803 valet
643 1746 789 1820 explicare
802 1745 917 1820 gaudia

250 1824 351 1882 Mater
363 1825 520 1883 infecunda
529 1827 593 1902 jam
605 1827 732 1884 fecunda
743 1825 820 1901 gerit
833 1826 952 1882 viscera.

249 1905 340 1963 Pater
352 1913 422 1964 ante
435 1912 519 1963 muta
532 1926 611 1965 nunc
623 1916 726 1983 aperta
738 1905 843 1982 pandit
855 1905 942 1975 labia,
955 1926 1008 1982 per
1021 1906 1043 1965 J
1044 1906 1168 1964 ohannis
1180 1905 1300 1965 natalia

249 1986 346 2044 Adest
359 2007 427 2063 argo
441 2007 548 2062 magna
561 1987 613 2044 illa
626 1989 730 2045 mundi
743 1987 855 2062 lampas
869 1987 1028 2063 splendida,

250 2068 323 2137 Quae
337 2074 463 2125 estante
477 2069 561 2126 saecla
575 2069 692 2126 Christo
706 2073 869 2144 praeparata
881 2087 1007 2125 consona
1021 2068 1161 2126 Davitica
1173 2067 1308 2125 melodia

250 2147 376 2205 Familia
388 2146 458 2205 inde
472 2151 602 2206 maxima
615 2152 705 2207 sumit
719 2170 753 2207 ac
762 2149 866 2224 jungit
879 2149 1000 2206 canticis
1013 2149 1137 2207 cantica.

249 2227 419 2305 Propterea,
434 2229 566 2287 Ecclesia
579 2235 642 2287 toto
656 2232 726 2288 orbe
739 2237 886 2287 terrarum
900 2231 1004 2305 posita,

250 2308 331 2366 Offer
343 2310 489 2387 praeconia
503 2311 620 2368 Christo
635 2316 665 2368 et
676 2331 807 2383 munera,

250 2389 368 2461 Dinone,
384 2391 410 2448 Ο
424 2390 576 2448 Johannes
589 2397 726 2450 natorum
740 2393 879 2466 maxime,

248 2471 403 2529 Intercede
416 2491 469 2546 pro
482 2479 584 2530 nostra
597 2473 729 2530 omnium
742 2474 806 2531 vita
819 2481 936 2534 aeterna.

699 2665 844 2723 XXVII.

502 2787 564 2865 (Da
585 2803 706 2846 canons
726 2788 831 2848 Panno
852 2806 889 2848 nr
909 2789 1038 2867 Panno.)

227 2907 323 2964 Proca
336 2908 377 2964 ad
389 2906 547 2982 Sequentia
561 2907 687 2966 Sanctus
700 2909 816 2967 Petrus.

229 2987 378 3063 Alleluya.
423 3048 425 3052 Α

143 3079 146 3084 ’
167 3086 300 3143 Acarna
314 3101 400 3142 nara
414 3101 575 3144 emonam
588 3086 686 3145 oaeliea

167 3166 270 3224 Aurea
282 3166 338 3223 hac
351 3165 424 3239 luce,
440 3187 528 3242 quam
544 3174 638 3225 sacrat
651 3168 704 3225 lux
718 3169 877 3244 apostolica
889 3189 898 3242 3

169 3247 265 3316 Quam
280 3247 363 3304 Petri
374 3247 519 3324 Paulique
532 3268 671 3324 gannane
684 3249 801 3308 decorat
815 3250 923 3307 laurea.

168 3328 248 3385 Nam
263 3327 371 3386 Petrus
385 3328 565 3394 Catholicam
580 3335 644 3386 toto
657 3331 727 3388 orbe
740 3332 864 3407 positam
876 3332 932 3389 suh
943 3330 1061 3388 Christo
1075 3329 1152 3407 regit
1166 3330 1347 3391 Ecclesiam:

169 3409 266 3479 Quam
279 3409 389 3466 Paulus
403 3409 541 3466 sublimia
553 3411 709 3469 fundatam
722 3431 775 3487 per
788 3412 926 3488 dogmata
939 3412 977 3469 ad
997 3430 1087 3486 regna
1101 3412 1238 3487 provehit
1251 3432 1367 3488 supera

75 3544 81 3572 a
168 3489 276 3547 Petrus
289 3491 402 3547 virtute
416 3496 517 3547 sancta
530 3492 651 3548 vincens
666 3493 831 3550 Simoniaca
850 3499 981 3550 monstra
993 3492 1159 3568 triumphat
1173 3492 1205 3548 in
1219 3493 1326 3568 gloria:

168 3570 279 3628 Paulus
293 3570 385 3628 herile
398 3590 514 3647 sperma
527 3578 722 3649 contorquens
736 3573 849 3648 Elymae
863 3573 988 3650 gemella
1001 3573 1160 3630 obcaecavit
1174 3572 1295 3631 lumina.

168 3651 291 3709 Petrum
301 3652 455 3708 marmoris
464 3652 540 3708 salsa
550 3653 724 3728 spoliantem
735 3654 881 3730 profrmda
890 3654 992 3712 divina
1000 3654 1117 3711 vocavit
1124 3654 1206 3726 tuba,
1215 3661 1370 3730 capturam

248 3751 308 3808 quo
321 3732 422 3789 trahat
435 3732 595 3790 humanam
608 3754 615 3790 ε
662 3756 665 3761 ·

168 3812 355 3889 Paulumque
374 3813 407 3874 in
427 3814 449 3871 J
452 3814 533 3870 udaea
552 3819 740 3891 torquentem
755 3814 867 3874 Ohristi
879 3815 1011 3873 membra
1024 3815 1061 3873 de
1071 3815 1139 3873 sede
1152 3814 1292 3873 clamavit
1305 3815 1369 3874 alta

248 3895 428 3970 perlustrans
441 3893 521 3951 hunc
534 3894 612 3952 alma
625 3896 764 3953 doctrina.

124 3992 129 4005 ¹
167 3975 224 4032 Eia
237 3975 374 4051 praecelsa
393 3994 473 4032 nunc
493 3975 625 4050 angelica
644 3983 742 4033 turma
756 3996 905 4053 concrepa,
920 3984 950 4035 et
961 3977 1071 4035 resulta
1084 3996 1154 4034 voce
1164 3977 1242 4034 clara
1256 3975 1371 4035 Christi

247 4056 401 4132 praeconia,
417 4075 504 4132 quem
518 4057 666 4114 confessus
680 4064 725 4114 est
737 4077 798 4115 una
812 4058 918 4115 Petrus
932 4060 964 4115 in
978 4059 1094 4134 patria:

167 4135 278 4194 Paulus
291 4156 398 4194 arcana
405 4136 608 4213 contemplans
618 4156 706 4215 super
713 4138 814 4211 aethra,
824 4138 927 4197 lucifer
937 4140 1016 4196 inter
1026 4145 1106 4196 astra
1113 4145 1210 4197 totum
1221 4137 1368 4196 mundum

248 4218 344 4275 clarus
357 4217 489 4290 irradiat,
505 4226 535 4275 et
548 4219 586 4274 ad
600 4219 670 4276 vitae
684 4238 790 4294 pascua
803 4220 953 4278 credentes
966 4220 1098 4278 advocat.

168 4298 291 4356 Petrum
304 4299 400 4356 ferrea
413 4300 565 4374 stringunt
578 4299 649 4371 lora,
664 4299 713 4358 sed
727 4299 781 4358 lux
791 4301 880 4379 eripit
889 4301 1020 4378 angelica
1031 4321 1040 4374 3
1053 4300 1132 4359 unde
1142 4300 1191 4378 pio
1202 4299 1288 4360 corde
1297 4299 1368 4360 laeta

247 4380 409 4457 congaudet
424 4379 574 4438 Ecclesia:

490 4507 503 4533 ¹
510 4506 609 4554 litt-‘⁸
616 4507 689 4568 Ha?
697 4508 746 4556 and
755 4507 790 4572 by
798 4509 931 4558 conecfion
941 4513 955 4541 ‘⁴
963 4509 1052 4557 Hanc?
