2946 5002
187 359 228 420 80
642 353 737 419 Festo
758 350 919 438 depasti.

218 594 402 654 sisenem
423 608 595 651 usarrauu
616 592 797 663 Heroum,
820 605 1132 660 soo1oam1ousu1us.
1177 588 1234 667 (Id.
1250 589 1344 668 Aug.)

250 738 389 834 Officipm.
430 738 514 797 Justi
526 738 690 815 epulentur.

244 823 496 977 llidillilodaesumus,
517 899 702 976 omnipotens
725 899 815 973 Deus,
834 906 870 958 ut
890 899 970 958 beati
992 897 1154 975 Hippolyti
1175 897 1313 972 martyris
1333 897 1379 953 tui

184 981 386 1058 sociorumque
399 982 462 1058 ejus
478 981 646 1039 veneranda
664 980 844 1040 sollemnitas
862 986 893 1038 et
910 980 1096 1039 devotionem
1116 978 1202 1037 nobis
1223 983 1329 1056 augeat
1348 984 1378 1035 et

184 1061 535 1219 salullepliitoldderidustus
555 1143 582 1200 si
601 1147 704 1200 morte.

245 1223 380 1282 Gradak.
422 1223 579 1280 Justorum
598 1223 711 1281 animae.

243 1304 392 1380 Alleluya.
440 1304 468 1362 V.
500 1303 585 1360 Justi
604 1302 768 1380 epulentur.

243 1384 443 1460 Evesopeliam.
485 1383 645 1442 Attendite
667 1403 685 1442 a
704 1385 855 1442 fermento.

249 1466 439 1539 offertorium
483 1465 596 1522 Anima
614 1471 723 1522 nostra.

243 1545 376 1703 lidddpiide,
393 1625 530 1699 Domine,
549 1645 671 1684 munera
692 1625 795 1702 populi
816 1624 864 1682 tui
887 1629 1054 1682 sanctorum
1076 1630 1195 1681 tuorum
1215 1623 1378 1682 festivitate

182 1708 292 1780 votiva,
315 1713 345 1765 et
369 1712 428 1764 tuae
449 1707 618 1764 testificatio
641 1706 775 1764 veritatis
797 1705 883 1763 nobis
910 1704 1044 1782 proficiat
1069 1704 1107 1762 ad
1134 1705 1266 1763 salutem
1320 1703 1379 1760 Per

185 1788 357 1864 Dominum.

244 1867 424 1928 (loramento
468 1867 554 1936 Quod
566 1867 632 1926 dico
645 1866 735 1925 vobis.

243 1948 487 2007 Posteommuae'o

242 2029 498 2088 Sacramentorum
518 2034 647 2101 tuorum,
669 2028 808 2102 Domine,
829 2027 995 2086 communio
1016 2033 1133 2104 sumpta
1154 2046 1208 2085 nos
1230 2025 1334 2098 salvet,
1348 2034 1378 2082 et

181 2113 214 2170 in
227 2117 288 2169 tuae
300 2110 436 2169 veritatis
449 2110 514 2168 luce
528 2109 691 2169 confirmet.
734 2108 801 2169 Per.

276 2381 316 2438 Iu
334 2377 713 2436 V1e1s1sAssuner10s1s
734 2392 839 2434 emsa
860 2377 983 2435 Mmm.
1027 2376 1101 2454 (xix.
1117 2377 1187 2436 Kal.
1204 2377 1296 2457 Sept.)

249 2529 387 2604 Offieima.

243 2610 329 2668 Salve
348 2612 448 2665 saneta
468 2624 582 2683 parens,
597 2605 685 2664 enixe
703 2624 846 2682 puerpera
866 2625 964 2682 regem
974 2627 984 2680 3
1013 2608 1065 2684 qui
1086 2607 1189 2667 eaelum
1210 2613 1377 2685 terramque

182 2691 260 2768 regit
271 2690 305 2747 in
317 2688 423 2746 saecula
436 2687 617 2746 saeculorum.

243 2769 388 2828 Psalmus.

243 2852 315 2921 Quae
337 2848 477 2925 gaudium
495 2846 598 2904 matris
615 2846 725 2904 habens
748 2866 815 2904 cum
836 2848 1015 2924 virginitatis
1035 2848 1154 2923 honore,
1177 2869 1230 2909 nec
1252 2851 1377 2927 primam

182 2932 309 2991 similem
322 2930 385 2987 visa
398 2948 429 2986 es
442 2948 496 2987 nec
509 2928 616 2984 habere
630 2932 808 3004 sequentem.

249 3011 357 3072 Oratio.

242 3092 333 3162 Deus,
356 3090 409 3166 qui
425 3088 600 3166 virginalem
620 3088 719 3146 aulam
740 3089 833 3146 beatae
854 3089 958 3147 Mariae
976 3091 1009 3147 in
1029 3110 1088 3167 qua
1105 3092 1253 3150 habitares
1271 3093 1377 3169 eligere

182 3175 319 3252 dignatus
332 3191 380 3244 es;
401 3170 447 3242 da,
461 3189 636 3246 quaesumus,
651 3177 686 3227 ut
701 3189 754 3227 sua
766 3189 820 3228 nos
834 3170 1001 3228 defensione
1015 3172 1145 3230 munitos
1160 3173 1304 3249 jocundos
1317 3194 1376 3232 suae

181 3257 270 3314 faeiat
284 3254 424 3310 interesse
437 3250 600 3308 festivitati
643 3250 703 3319 Qui
715 3251 800 3309 vivis.

242 3333 385 3392 Memoria
398 3331 432 3390 de
445 3341 542 3389 saneto
556 3332 688 3403 Eusebio,
703 3331 865 3408 confessore.
912 3333 1019 3392 Oratio.

242 3417 334 3486 Deus,
348 3413 401 3490 qui
413 3431 466 3469 nos
478 3413 558 3469 beati
571 3412 693 3470 Eusebii
710 3413 879 3471 confessoris
900 3414 946 3471 tui
967 3433 1066 3472 annua
1087 3413 1283 3473 sollemnitate
1303 3416 1376 3473 laeti-

180 3498 259 3570 ficas,
273 3495 396 3556 concede
400 3493 555 3630 lpropitius
567 3499 603 3550 ut
616 3493 699 3569 eujus
711 3494 849 3551 natalitia
862 3493 992 3567 colimus,
1007 3514 1059 3572 per
1072 3495 1136 3571 ejus
1149 3495 1187 3553 ad
1200 3502 1231 3554 te
1243 3497 1376 3574 exempla

235 3578 357 3635 diamur.
426 3593 464 3632 er.

182 3598 385 3716 graMeritoria
398 3657 433 3713 de
446 3652 553 3712 Sancto
566 3653 735 3713 Laurentio.

241 3737 381 3814 Epistola.
424 3735 519 3793 lectio
533 3734 601 3793 lara
613 3734 770 3811 Sapientioe
783 3734 906 3812 (Eeelas
918 3736 993 3796 mxiv.
1012 3735 1125 3815 1416).

241 3820 292 3877 Ab
306 3817 393 3875 initio
406 3835 496 3890 usqae
510 3817 550 3873 ad
563 3815 695 3874 detentio
708 3835 779 3873 mea

242 3898 374 3957 Gradale.

240 3979 401 4039 Benedicta
423 3982 455 4036 et
474 3976 649 4035 venerabilis
670 3996 709 4051 es,
733 3976 816 4053 virgo
840 3977 946 4052 Maria,
969 3998 1034 4055 quae
1059 3979 1122 4037 sine
1144 3983 1227 4038 tactu
1254 3978 1374 4055 pudoris

180 4063 303 4120 inventa
317 4080 347 4136 es
360 4063 455 4117 mater
467 4057 629 4116 salvatoris.

186 4144 215 4202 V.
242 4143 336 4218 Virgo
355 4140 414 4197 Dei
431 4139 569 4216 genitrix,
590 4157 678 4215 quem
695 4144 777 4197 totus
793 4158 854 4198 non
871 4146 962 4216 eaput
979 4141 1066 4212 orbis,
1087 4141 1121 4200 in
1142 4147 1195 4200 tua
1216 4161 1248 4200 se
1269 4140 1375 4200 elausit

180 4225 292 4281 viscera
305 4223 400 4279 factus
414 4221 509 4278 homo.

241 4303 276 4363 St
293 4303 327 4360 ia
344 4301 503 4359 Dominiea
521 4301 652 4376 evenerit,
673 4300 820 4378 Alleluya
869 4301 897 4361 V.
921 4302 979 4361 Per
992 4307 1031 4374 te,
1053 4303 1112 4360 Dei
1130 4302 1269 4380 genitrix,
1291 4303 1374 4360 nobis

181 4391 226 4444 est
244 4384 307 4441 vita
327 4382 443 4458 perdita
459 4382 537 4456 data,
552 4402 618 4460 quas
636 4382 672 4441 de
690 4382 760 4441 eaelo
776 4383 930 4460 suscepisti
943 4381 1064 4461 prolem,
1079 4390 1109 4441 et
1122 4384 1233 4443 mundo
1246 4383 1374 4462 genuisti

180 4466 364 4526 salvatorem.
