2946 5002
349 366 470 433 Miseni
488 367 597 454 Officia
613 367 707 452 from
721 365 771 432 tin
785 366 923 449 Bonoor
936 364 1124 450 Pontifiml.
1272 363 1332 427 ³31

544 590 610 648 Pro
632 589 737 646 Pinna
758 605 794 646 nr
815 588 935 646 Marna.

209 700 248 760 Ut
261 721 361 779 cupra,
377 704 432 762 vol.
449 704 480 761 ii.
496 723 524 780 p.
542 703 606 761 187.

515 862 580 920 Pao
602 862 693 918 V1v1s
715 877 752 918 nr
772 861 956 918 Dnrorcrrs.

208 975 247 1034 m
260 997 358 1054 mprn,
374 977 430 1036 vol.
446 978 476 1036 ii
491 997 519 1054 p.
538 977 603 1036 181.

718 1165 755 1220 V.

621 1312 847 1369 Pnnmrronns.

201 1457 273 1516 Hom
296 1457 437 1532 Praefatio
457 1459 574 1516 dicitnr
596 1459 631 1516 in
653 1458 700 1515 dic
719 1458 892 1515 Nntinitotis
910 1457 1033 1516 Domini
1049 1457 1091 1514 nd
1111 1476 1206 1514 comm
1224 1454 1334 1514 Mirans

141 1548 167 1598 ct
182 1558 237 1614 pn·
260 1537 477 1614 Septimnnnm;
497 1539 532 1596 in
551 1537 633 1616 (die)
652 1538 889 1597 Circumcisionia
907 1538 1030 1596 Domini
1038 1560 1050 1608 ;
1074 1538 1109 1596 in
1129 1538 1175 1595 dic
1191 1536 1333 1612 Purifica-

140 1619 229 1677 tionis
241 1629 348 1677 aonctce
362 1619 478 1691 Mmioe,
492 1620 564 1677 etin
577 1619 838 1677 commemoratione
852 1619 978 1693 ojnadem
992 1617 1119 1694 (infra)
1132 1618 1261 1676 Nomio:

200 1700 326 1757 AEterne
360 1701 450 1770 Deus,
479 1700 548 1776 quia
576 1719 629 1776 per
655 1700 809 1769 incarnati,
839 1711 864 1757 ct
891 1709 981 1757 cetero
1014 1698 1031 1775 (
1031 1708 1064 1757 nt
1098 1717 1197 1774 snpra,
1225 1698 1282 1756 vol.
1311 1699 1330 1755 i.

201 1781 293 1936 Infin
308 1862 462 1921 Concmm.

201 1941 458 2000 Communicantes
471 1948 502 2001 et
515 1941 594 2000 diem
606 1942 833 1999 sacratissimum
844 1941 1023 1999 celebrantes
1037 1961 1095 2018 qua
1105 1946 1212 1998 sanctae
1226 1938 1330 1998 Mariae

139 2023 315 2081 intemerata
327 2023 483 2099 virginitas
496 2023 565 2080 huic
579 2022 688 2079 mundo
702 2022 795 2079 edidit
809 2022 991 2081 salvatorem.
1046 2021 1103 2080 Sed
1116 2026 1147 2079 et
1160 2021 1331 2078 memoriam

139 2109 320 2177 venerantes,
337 2104 488 2180 Imprimis
507 2104 639 2179 ejusdem
658 2103 790 2179 gloriosae
811 2122 980 2179 semperque
993 2103 1116 2179 virginis
1131 2100 1235 2159 Mariae
1248 2121 1331 2178 gene·

139 2185 222 2242 tricis
236 2185 328 2259 ipsius
341 2185 389 2242 dei
402 2192 432 2242 et
446 2185 569 2243 Domini
582 2185 676 2242 nostri
689 2184 711 2241 J
712 2204 763 2242 esu
778 2184 898 2254 Christi,
913 2183 963 2241 sed
975 2190 1006 2242 et
1018 2184 1181 2242 beatorum.

199 2340 270 2400 Hom
283 2341 424 2416 Praefatio
439 2340 556 2398 dicotur
568 2340 603 2398 in
616 2341 663 2398 dio
676 2339 852 2415 Epiplmnin
866 2348 892 2396 et
900 2358 955 2415 per
971 2337 1107 2405 Domina·
1126 2346 1152 2394 et
1163 2336 1329 2394 Communi·

140 2428 239 2480 cantes
253 2423 404 2480 similiter:

198 2502 325 2561 AEterne
338 2503 429 2573 Deus
443 2503 513 2579 quia
526 2522 593 2559 cum
608 2501 790 2577 Unigenitus
803 2507 873 2557 tuus
887 2500 920 2556 in
933 2500 1100 2557 substantia
1113 2504 1220 2556 nostrae
1235 2498 1331 2556 carnis

137 2583 284 2660 apparuit,
298 2583 331 2640 in
344 2603 452 2640 novam
465 2601 519 2640 nos
532 2582 765 2639 immortalitatis
780 2581 875 2638 lucem
888 2581 1055 2657 reparavit:
1077 2585 1108 2637 et
1120 2579 1194 2637 ideo.

199 2663 290 2739 Insm
305 2663 459 2722 Uononem.
503 2662 761 2721 Oommunimntes
775 2668 805 2719 et
819 2662 898 2719 diem
910 2661 1146 2732 sacratissimum,
1163 2670 1188 2718 ct
1201 2669 1299 2718 oemio.

199 2820 271 2878 an
284 2819 425 2894 Proefntio
446 2818 562 2877 dicitnr
574 2819 608 2876 in
624 2817 726 2895 Capite
742 2816 860 2894 Jojnnii
874 2825 898 2875 ct
912 2817 1038 2892 qnotidie
1054 2837 1109 2892 pn·
1128 2825 1216 2873 totam
1232 2816 1329 2887 omn

139 2901 312 2976 raycaimmn
321 2902 361 2958 nd
371 2901 496 2958 Miaaom
506 2901 540 2958 do
549 2899 576 2954 J
573 2900 670 2975 cjnnio
680 2919 770 2974 usqne
780 2899 822 2956 nol
831 2898 941 2957 Cariam
951 2898 1081 2955 Domini.
1116 2896 1157 2954 In
1168 2897 1330 2958 Dominicis

139 2983 238 3041 dicbna
250 3002 311 3040 non
324 2981 441 3053 dicitnr,
456 3001 506 3038 nnc
519 2981 553 3038 in
566 2981 667 3038 Mnsn
679 2981 714 3038 dc
727 2979 819 3038 Fectio
828 3005 837 3039 .-

198 3063 324 3120 AEterne
335 3061 425 3134 Deus,
440 3062 492 3138 qui
505 3062 657 3137 corporali,
672 3070 698 3119 et
712 3070 801 3120 cotem
814 3060 865 3137 (iit
879 3079 979 3138 snpra,
993 3059 1049 3118 vol.
1065 3059 1084 3116 i.
1099 3079 1127 3135 p.
1145 3059 1180 3117 17
1184 3059 1228 3135 4)

199 3143 239 3201 In
258 3143 339 3201 Germ
360 3143 491 3214 Domini,
510 3162 570 3200 non
590 3143 700 3200 dicitnr
720 3141 868 3216 Proefotio,
887 3141 947 3197 nisi
967 3140 1113 3214 episcopm
1132 3139 1308 3199 celebrarem!
1316 3157 1330 3210 ,⁸

139 3223 397 3281 Communicantes
410 3242 518 3298 semper
530 3223 584 3280 linc
597 3223 643 3279 die
657 3222 775 3278 dicntm·
788 3229 813 3276 ct
827 3221 916 3277 Hanc
928 3220 1029 3294 igitur,
1044 3219 1178 3276 n'nn'liter
1186 3241 1195 3275 .·

199 3297 455 3362 Oommunicantes
468 3309 499 3360 et
512 3303 599 3374 diem,
614 3311 639 3359 ct
653 3311 748 3358 colera.

200 3385 289 3443 Hanc
302 3384 395 3460 igitur
407 3383 592 3454 oblationem,
608 3392 633 3439 et
647 3392 744 3439 colom.

199 3465 259 3535 Qui
271 3465 374 3541 pridie,
390 3473 415 3522 et
429 3472 526 3522 cetero.

198 3613 269 3671 Hom
278 3611 421 3686 Praefatio
435 3611 552 3668 dicotur
561 3610 595 3667 in
608 3609 715 3684 Vipiiin
725 3607 852 3679 Parcior,
861 3617 887 3664 et
900 3609 933 3664 in
946 3607 1001 3679 die,
1013 3616 1040 3665 et
1047 3625 1103 3683 pm·
1112 3605 1326 3678 mbdnnnm,

136 3700 163 3748 ct
176 3693 210 3749 in
222 3692 385 3751 Dmninicis
404 3690 504 3749 dicimo
524 3711 613 3765 naqne
627 3692 667 3747 nd
685 3689 886 3747 decensionem
908 3687 1050 3757 Domini;
1071 3686 1328 3746 Communicantea

137 3771 171 3829 in
184 3772 361 3832 lnbdomndn
374 3780 490 3830 tnntnm
503 3772 638 3829 dicitnr:

198 3855 324 3912 AEterne
338 3853 428 3925 Deus,
445 3857 475 3910 et
488 3857 519 3910 te
532 3852 660 3928 quidem,
675 3860 701 3909 et
714 3859 804 3909 cotem
817 3850 869 3927 (nt
882 3869 981 3926 supin,
995 3849 1052 3908 vol.
1067 3849 1086 3906 i.
1102 3868 1129 3926 p.
1148 3848 1226 3924 175).

198 3934 456 3993 communicantes
469 3938 501 3990 et
514 3933 600 4002 diem,
616 3940 641 3991 et
654 3941 748 3990 cetero.

197 4016 286 4074 Hanc
298 4015 399 4093 igitur,
414 4024 440 4072 ct
453 4022 548 4072 cetero.

195 4162 268 4222 Haec
289 4162 431 4237 Proefotio
455 4160 573 4220 dicntm·
585 4161 619 4217 in
631 4158 803 4217 Accencionc
823 4157 947 4214 Dmnini
966 4166 991 4215 ot
1006 4177 1061 4233 pei·
1082 4156 1221 4225 Omnem·
1242 4155 1325 4215 Gom·
1370 4231 1371 4234 Ἴ

135 4244 320 4302 municantea
334 4243 467 4301 similiter
478 4266 489 4302 .·
784 4237 786 4242 ⁸

196 4325 321 4383 AEterne
334 4324 424 4397 Deua,
439 4343 492 4401 per
505 4321 656 4380 Christum
670 4319 833 4377 Dominum
846 4324 988 4376 nostrum.
1031 4319 1089 4388 Qui
1107 4324 1182 4394 post,
1197 4328 1223 4377 ot
1235 4326 1326 4377 ccmo

134 4404 152 4479 (
152 4414 187 4463 nt
199 4425 300 4483 snpra,
315 4405 371 4464 vol.
387 4405 406 4462 i.
422 4425 449 4481 p.
468 4404 552 4480 176).

195 4487 453 4545 Oommnnicantes
467 4491 498 4544 et
511 4485 589 4543 diem
603 4480 841 4553 sacratissimum,
856 4489 882 4539 et
896 4489 993 4539 ocimo.
