2946 5002
200 326 264 388 224
664 321 807 388 Oaatelcc
827 322 945 388 Missa.

259 523 349 596 Item,
371 524 544 600 proferendo
571 525 661 582 verba
688 523 913 581 consecrationis
940 523 1017 581 circa
1045 523 1208 599 quamlibet
1235 524 1404 597 materiam,

199 605 333 742 pacetrdos
346 624 462 682 semper·
473 604 610 663 intendat
624 605 764 662 conficere
776 603 809 661 id
822 605 901 681 quod
922 603 1059 661 Christus
1078 604 1213 662 instituit
1224 611 1256 663 et
1270 605 1406 663 Ecclesia

212 704 375 835 aclQuarta
387 771 441 839 est,
456 772 492 823 ut
505 767 532 824 si
545 767 644 843 plures
657 765 769 823 hostias
789 765 879 823 habet
898 784 1074 838 consecrare,
1090 765 1178 823 debet
1190 764 1298 823 harum
1311 786 1404 824 unam

200 846 314 904 elevare
337 866 427 922 quam
450 847 507 904 sibi
530 848 725 924 deputaverat
738 867 755 904 a
769 846 914 922 principio
938 846 976 903 ad
1000 845 1129 918 missam,
1145 852 1177 904 et
1196 852 1298 904 teneat
1319 847 1405 904 illam

199 946 289 1003 penes
308 927 389 1001 alias,
403 928 447 985 ita
467 929 546 1004 quod
558 929 656 986 visum
678 934 709 985 et
730 928 927 985 intentionem
948 926 987 984 ad
1007 946 1108 984 omnes
1130 927 1219 985 simul
1239 928 1358 1005 dirigat,
1374 935 1406 985 et

200 1008 342 1145 piignandp
365 1014 397 1146 qt
414 1008 538 1066 dicendo
565 1009 629 1068 Hoc
651 1018 691 1067 cst
711 1008 790 1066 caina
816 1028 1046 1084 conpos-meam,
1068 1026 1169 1066 omnes
1192 1009 1302 1084 cogitet
1330 1029 1405 1085 quas

221 1107 449 1227 emilodrsrsiiliinus
473 1189 589 1247 quoque
613 1177 648 1227 ut
672 1169 823 1227 Ganonem
849 1169 1004 1245 presbyter
1029 1169 1199 1227 memoriter
1225 1169 1308 1241 sciat,
1333 1171 1404 1246 quia

200 1250 337 1308 devotius
350 1250 477 1323 dicitur3
496 1270 610 1328 semper
623 1257 724 1307 tamen
744 1249 819 1307 liber
838 1250 992 1322 habeatur,
1008 1255 1043 1306 ut
1057 1250 1095 1307 ad
1114 1250 1212 1327 ipsum
1232 1251 1405 1308 memoriter

202 1336 382 1484 lecutbiraiirutb,
395 1417 431 1468 ut
445 1413 516 1470 dum
530 1418 636 1484 sumat,
647 1430 801 1488 nunquam
811 1430 870 1468 unc
885 1411 993 1468 haustu
1007 1412 1128 1469 calicem
1141 1417 1260 1486 sumat3
1280 1419 1404 1489 propter

201 1491 346 1568 impetum
360 1491 456 1566 tussis,
472 1512 511 1550 ne
524 1492 676 1568 inopinate
690 1500 823 1550 occurrat
832 1512 841 1565 3
862 1492 913 1550 sed
933 1493 978 1550 bis
1001 1492 1049 1550 vel
1073 1498 1121 1550 ter
1141 1497 1226 1550 caute
1245 1498 1353 1564 sumat,
1369 1499 1404 1550 ut

200 1572 444 1648 impedimentum
464 1593 524 1631 non
543 1572 658 1631 habeat.
710 1573 742 1630 Si
764 1591 833 1630 vero
858 1572 957 1649 plures
980 1572 1092 1631 hostias
1116 1573 1204 1631 debet
1227 1593 1351 1646 sumere,
1367 1580 1404 1630 ut

201 1653 318 1729 quando
344 1654 442 1711 hostia
469 1660 514 1712 est
540 1653 717 1725 renovanda,
744 1654 840 1730 primo
874 1659 972 1712 sumat
1003 1673 1068 1712 eam
1102 1673 1191 1729 quam
1218 1654 1344 1712 confecit
1371 1660 1403 1711 et

201 1734 374 1811 sanguinem
385 1754 394 1806 ;
421 1741 487 1811 post
509 1733 572 1792 haec
593 1735 665 1793 alias
690 1754 755 1811 quae
780 1740 956 1810 supersunt3
983 1754 1067 1792 suam
1090 1735 1173 1812 prius
1194 1741 1293 1792 sumat
1314 1754 1404 1811 quam

109 1860 113 1870 .
200 1814 281 1886 alias,
295 1815 366 1891 quia
380 1816 416 1873 de
429 1817 490 1878 suis
503 1815 597 1875 credit
611 1821 642 1873 et
655 1816 719 1888 scit,
734 1816 771 1873 de
784 1815 850 1873 aliis
864 1815 958 1873 credit
970 1822 1000 1874 et
1013 1815 1125 1888 nescit;
1146 1815 1266 1873 demum
1279 1815 1404 1892 desuper

201 1894 374 1968 ablutiones,
390 1902 421 1954 et
433 1916 495 1954 non
508 1897 599 1973 prius.

263 1975 354 2033 Sexta
367 1983 421 2049 est,
436 1983 471 2034 ut
485 1996 645 2054 paucorum
664 1976 833 2034 nominibus
854 1995 884 2034 se
904 1976 1050 2054 astringat
1063 1977 1097 2032 in
1110 1975 1249 2048 Oanone3
1270 1995 1325 2034 nec
1338 1996 1402 2053 per-

200 2062 299 2135 petuo,
313 2057 364 2114 sed
380 2058 522 2134 quamdiu
540 2058 621 2129 velit,
636 2057 726 2115 faciat
734 2077 743 2130 3
764 2058 881 2133 quando
894 2057 977 2129 velit,
994 2058 1131 2115 omittat:
1153 2057 1224 2133 quia
1243 2055 1348 2114 Canon
1368 2058 1404 2114 de

201 2137 395 2196 multitudine
425 2139 580 2196 nominum
613 2139 798 2215 prolixatur;
832 2146 863 2195 et
889 2157 942 2214 per
968 2138 1023 2195 hoc
1050 2138 1190 2214 cogitatio
1217 2137 1402 2196 distrahitur.

202 2219 335 2295 Dignum
355 2224 456 2277 tamen
476 2224 528 2292 est,
544 2225 580 2276 ut
599 2225 691 2296 pater,
705 2225 810 2289 mater,
830 2219 929 2291 frater,
952 2238 1041 2291 soror,
1064 2218 1109 2276 ibi
1128 2217 1308 2291 nominetur,
1324 2226 1354 2277 et
1379 2220 1403 2276 si

202 2301 254 2375 qui
273 2319 327 2375 pro
351 2306 481 2377 tempore
505 2300 754 2371 commendentur,
770 2305 801 2356 et
824 2299 990 2376 specialiter
1010 2318 1064 2376 pro
1088 2298 1196 2376 quibus
1219 2299 1310 2357 missa
1333 2299 1404 2358 cele·

201 2381 312 2438 bratur.
355 2380 426 2438 Non
440 2386 541 2438 tamen
554 2381 599 2437 ibi
611 2381 664 2437 fiat
677 2380 786 2438 vocalis
800 2381 949 2456 expressio
963 2380 1015 2439 sed
1028 2380 1174 2438 mentalis.

263 2459 395 2538 Septima
414 2467 467 2534 est,
483 2468 518 2519 ut
537 2467 607 2519 ante
627 2463 747 2519 missam
770 2480 832 2518 non
850 2481 882 2518 os
905 2461 953 2519 vel
974 2462 1077 2519 dentes
1099 2460 1189 2533 lavet,
1210 2460 1262 2518 sed
1284 2468 1403 2518 tantum

199 2542 278 2600 labia
291 2542 431 2614 exterius,
447 2562 497 2601 ore
511 2542 616 2615 clauso,
632 2543 658 2600 si
671 2542 785 2620 indiget
794 2562 803 2614 ;
823 2562 861 2600 ne
879 2542 955 2600 forte
975 2562 1059 2618 aquae
1079 2548 1199 2618 gustum
1220 2560 1289 2600 cum
1309 2542 1401 2599 saliva

200 2623 352 2682 immittat.
395 2622 468 2682 Post
495 2623 615 2681 missam
642 2624 733 2681 etiam
760 2631 863 2681 caveat
881 2623 1095 2681 exscreationes
1116 2627 1265 2699 quantum
1294 2629 1402 2698 potest,

201 2704 292 2762 donec
305 2703 464 2761 comederit
478 2710 509 2761 et
521 2704 631 2762 biberit
641 2724 651 2776 ;
672 2723 709 2762 ne
722 2704 799 2762 forte
812 2704 925 2780 aliquid
939 2704 1018 2761 inter
1038 2704 1141 2762 dentes
1160 2703 1336 2761 remanserit
1349 2712 1403 2760 aut

202 2785 236 2841 in
255 2783 388 2841 faucibus
410 2785 490 2860 quod
514 2786 692 2843 exscreando
717 2785 879 2860 ejiceretur.
924 2785 1066 2854 Quamvis
1088 2790 1189 2842 autem
1210 2783 1299 2842 missa
1321 2784 1407 2842 devo⁴

161 2928 163 2932 ,
201 2864 314 2922 tissime
334 2864 374 2922 sit
394 2865 576 2938 celebranda,
592 2865 848 2941 contemplationis
868 2884 972 2936 causa;
993 2871 1153 2923 esttamen
1173 2864 1278 2922 modus
1296 2864 1404 2922 haben-

203 2945 267 3017 dus,
281 2963 319 3002 ne
333 2945 532 3021 protractione
547 2946 641 3003 nimia
653 2946 702 3003 vel
722 2945 930 3003 acceleratione
950 2946 1004 3002 fiat
1023 2945 1112 3004 homo
1131 2944 1280 3004 notabilis.
1323 2945 1405 3002 Nam

202 3025 373 3084 acceleratio
387 3026 504 3103 signum
517 3033 563 3084 est
576 3027 716 3099 incuriae;
736 3026 896 3104 protractio
909 3032 955 3084 est
968 3027 1080 3084 occasio
1099 3025 1299 3084 detractionis.
1344 3026 1401 3084 Sed

203 3106 299 3164 medic
312 3106 479 3166 tutissimus
492 3107 556 3167 ibit.
599 3108 644 3165 Ec
658 3113 758 3165 autem
778 3108 885 3165 affectu
898 3113 943 3164 est
956 3106 1097 3183 quaelibet
1116 3107 1205 3165 missa
1225 3106 1361 3164 habenda
1374 3114 1405 3164 et

203 3187 326 3246 dicenda
339 3208 357 3245 a
370 3208 544 3265 quocunque
557 3189 714 3259 sacerdote,
729 3189 813 3266 quasi
826 3188 922 3264 prima
936 3189 1052 3245 dicatur
1064 3193 1096 3245 et
1109 3206 1263 3264 nunquam
1276 3187 1404 3265 amplius

110 3322 113 3327 .
203 3268 243 3327 sit
256 3268 386 3326 dicenda.
430 3270 504 3327 Tam
517 3290 658 3347 magnum
672 3271 751 3327 enim
764 3271 875 3327 donum
889 3288 1003 3345 semper
1017 3269 1104 3326 debet
1117 3287 1179 3326 esse
1192 3287 1312 3327 novum.

264 3349 385 3408 Habeat
397 3350 499 3427 itaque
512 3351 643 3409 sacerdos
657 3351 840 3426 diligentiam
860 3350 898 3408 ad
918 3349 1139 3422 conficiendum,
1154 3349 1352 3408 reverentiam
1365 3349 1403 3407 ad

203 3431 393 3506 tangendum,
416 3437 446 3489 et
469 3432 655 3490 devotionem
679 3433 717 3489 ad
738 3432 920 3489 sumendum.
978 3430 1026 3488 Sic
1049 3429 1203 3488 sentiendo
1229 3434 1261 3489 et
1281 3430 1404 3507 agendo,

203 3512 290 3588 digne
304 3512 481 3570 tractabitur
494 3519 717 3586 sacramentum,
732 3512 790 3570 rite
800 3516 958 3590 peragetur
968 3510 1104 3584 officium,
1119 3515 1209 3587 atque
1228 3510 1361 3588 pericula
1374 3518 1405 3568 et

204 3592 340 3650 scandala
353 3594 555 3651 evitabuntur.

263 3672 343 3731 Item
356 3675 389 3730 in
404 3674 540 3732 collectis
554 3673 684 3731 dicendis
706 3693 819 3750 semper
839 3674 936 3750 impar
955 3692 1096 3731 numerus
1109 3672 1289 3731 observetur.
1332 3671 1406 3730 Una

204 3760 324 3834 propter
332 3754 479 3813 unitatem
487 3755 624 3812 Deitatis.
654 3755 725 3812 Tres
735 3760 855 3832 propter
864 3755 1029 3812 trinitatem
1038 3773 1235 3830 personarum.
1265 3752 1404 3829 Quinque

204 3844 324 3915 propter
333 3836 606 3914 quinquepartitam
615 3835 780 3912 passionem
789 3835 908 3894 Christi.
939 3835 1060 3912 Septem
1072 3841 1192 3912 propter
1201 3833 1403 3911 septiformem

203 3916 328 3996 gratiam
344 3915 472 3995 Spiritus
486 3916 593 3974 Sancti.
639 3916 843 3993 Septenarium
858 3935 1014 3973 numerum
1028 3915 1167 3974 excedere
1179 3934 1241 3973 non
1253 3913 1331 3973 licet.

264 3997 352 4070 Item,
382 3998 614 4075 quandocunque
646 3997 739 4054 oratio
764 3997 903 4072 dirigitur
936 3996 1031 4054 solum
1064 3996 1102 4053 ad
1129 3995 1259 4068 Patrem,
1286 3995 1320 4053 in
1348 3995 1406 4052 fine

205 4080 320 4137 dicatur
332 4079 392 4137 Per
404 4078 568 4137 Dominam
588 4087 720 4136 acanum
739 4076 843 4136 «Iasum
862 4077 1021 4137 Christum.
1065 4077 1098 4134 Si
1116 4095 1187 4134 vero
1207 4075 1348 4154 dirigitur
1367 4078 1405 4133 ad

205 4161 334 4233 Patrem,
350 4167 381 4218 et
394 4160 505 4218 mentio
518 4159 554 4216 fit
568 4158 639 4216 Filii
651 4159 685 4215 in
694 4159 765 4234 ipsa,
781 4159 813 4215 in
826 4158 884 4216 fine
898 4159 1013 4216 dicatur
1028 4158 1087 4215 Per
1100 4158 1222 4216 eundem
1236 4155 1401 4215 Dominam

204 4250 336 4301 acetrum
349 4240 376 4297 J
373 4262 453 4299 ecam
464 4240 621 4301 Christum.
665 4239 698 4297 Si
708 4246 807 4298 autem
821 4240 914 4297 oratio
928 4239 1068 4316 dirigitur
1080 4237 1175 4295 solum
1185 4238 1223 4295 ad
1238 4237 1358 4309 Filium,
1373 4237 1405 4294 in

204 4323 263 4379 fine
277 4323 393 4380 dicatur
408 4321 466 4393 Qui
480 4341 545 4380 arna
558 4322 620 4379 Deo
633 4321 724 4378 Patre
737 4330 763 4378 et
775 4320 893 4397 Spiritu
906 4320 1020 4378 Sancto.
1056 4318 1097 4376 Et
1111 4318 1137 4375 si
1150 4319 1263 4376 mentio
1276 4318 1405 4395 Spiritus

206 4403 307 4462 Sancti
328 4404 361 4460 in
381 4421 554 4480 quacunque
578 4403 709 4460 oratione
730 4401 790 4472 fiat,
804 4401 838 4458 in
859 4401 918 4460 fine
936 4401 1060 4471 dicatur,
1081 4406 1108 4457 ct
1129 4398 1256 4474 quedem
1275 4398 1406 4475 spiritns

206 4483 307 4544 savari·
321 4483 408 4543 Deua
