<?xml version="1.0" encoding="UTF-8"?>
<!DOCTYPE html PUBLIC "-//W3C//DTD XHTML 1.0 Transitional//EN"
    "http://www.w3.org/TR/xhtml1/DTD/xhtml1-transitional.dtd">
<html xmlns="http://www.w3.org/1999/xhtml" xml:lang="en" lang="en">
 <head>
  <title>
</title>
<meta http-equiv="Content-Type" content="text/html;charset=utf-8" />
  <meta name='ocr-system' content='tesseract 3.04.00' />
  <meta name='ocr-capabilities' content='ocr_page ocr_carea ocr_par ocr_line ocrx_word'/>
</head>
<body>
  <div class='ocr_page' id='page_1' title='image "./missaleadusumin02churgoog_0208.png"; bbox 0 0 2946 5002; ppageno 0'>
   <div class='ocr_carea' id='block_1_1' title="bbox 535 333 944 401">
    <p class='ocr_par' dir='ltr' id='par_1_1' title="bbox 535 333 944 401">
     <span class='ocr_line' id='line_1_1' title="bbox 535 333 944 401; baseline -0.01 0"><span class='ocrx_word' id='word_1_1' title='bbox 535 333 713 401; x_wconf 74' lang='lat' dir='ltr'><strong><em>Orationes</em></strong></span> <span class='ocrx_word' id='word_1_2' title='bbox 735 334 944 398; x_wconf 80' lang='lat' dir='ltr'><strong>Communes</strong></span> 
     </span>
    </p>
   </div>
   <div class='ocr_carea' id='block_1_2' title="bbox 136 543 1343 1752">
    <p class='ocr_par' dir='ltr' id='par_1_2' title="bbox 505 543 970 601">
     <span class='ocr_line' id='line_1_2' title="bbox 505 543 970 601; baseline -0.004 0"><span class='ocrx_word' id='word_1_3' title='bbox 505 543 560 601; x_wconf 83' lang='lat' dir='ltr'><strong>An</strong></span> <span class='ocrx_word' id='word_1_4' title='bbox 579 559 759 601; x_wconf 75' lang='lat' dir='ltr'><strong>roscnnnax</strong></span> <span class='ocrx_word' id='word_1_5' title='bbox 779 543 970 600; x_wconf 72' lang='lat' dir='ltr'><strong>Cinnam.</strong></span> 
     </span>
    </p>

    <p class='ocr_par' dir='ltr' id='par_1_3' title="bbox 202 623 309 683">
     <span class='ocr_line' id='line_1_3' title="bbox 202 623 309 683; baseline -0.009 0"><span class='ocrx_word' id='word_1_6' title='bbox 202 623 309 683; x_wconf 79' lang='lat' dir='ltr'><strong>Oratio.</strong></span> 
     </span>
    </p>

    <p class='ocr_par' dir='ltr' id='par_1_4' title="bbox 140 701 1342 1006">
     <span class='ocr_line' id='line_1_4' title="bbox 198 701 1340 782; baseline -0.004 -18"><span class='ocrx_word' id='word_1_7' title='bbox 198 705 288 776; x_wconf 88' lang='lat' dir='ltr'><strong>Deus,</strong></span> <span class='ocrx_word' id='word_1_8' title='bbox 316 704 370 782; x_wconf 91' lang='lat' dir='ltr'><strong>qui</strong></span> <span class='ocrx_word' id='word_1_9' title='bbox 395 704 613 781; x_wconf 75' lang='lat' dir='ltr'>plenitudinem</span> <span class='ocrx_word' id='word_1_10' title='bbox 640 705 847 762; x_wconf 84' lang='lat' dir='ltr'><strong>mandatorum</strong></span> <span class='ocrx_word' id='word_1_11' title='bbox 874 711 995 761; x_wconf 91' lang='lat' dir='ltr'><strong>tuorum</strong></span> <span class='ocrx_word' id='word_1_12' title='bbox 1022 703 1056 760; x_wconf 92' lang='lat' dir='ltr'><strong>in</strong></span> <span class='ocrx_word' id='word_1_13' title='bbox 1077 709 1132 760; x_wconf 86' lang='lat' dir='ltr'><strong>tua</strong></span> <span class='ocrx_word' id='word_1_14' title='bbox 1152 701 1340 780; x_wconf 84' lang='lat' dir='ltr'><strong>proximique</strong></span> 
     </span>
     <span class='ocr_line' id='line_1_5' title="bbox 142 784 1341 862; baseline -0.002 -18"><span class='ocrx_word' id='word_1_15' title='bbox 142 785 293 844; x_wconf 78' lang='lat' dir='ltr'><strong>dilectione</strong></span> <span class='ocrx_word' id='word_1_16' title='bbox 314 785 464 858; x_wconf 84' lang='lat' dir='ltr'><strong>sanxisti余</strong></span> <span class='ocrx_word' id='word_1_17' title='bbox 483 785 560 842; x_wconf 86' lang='lat' dir='ltr'><strong>hanc</strong></span> <span class='ocrx_word' id='word_1_18' title='bbox 576 786 664 842; x_wconf 89' lang='lat' dir='ltr'><strong>nobis</strong></span> <span class='ocrx_word' id='word_1_19' title='bbox 688 785 816 862; x_wconf 79' lang='lat' dir='ltr'><strong>grntism</strong></span> <span class='ocrx_word' id='word_1_20' title='bbox 843 785 951 861; x_wconf 83' lang='lat' dir='ltr'><strong>largire</strong></span> <span class='ocrx_word' id='word_1_21' title='bbox 976 784 1131 860; x_wconf 91' lang='lat' dir='ltr'><strong>propitius,</strong></span> <span class='ocrx_word' id='word_1_22' title='bbox 1155 791 1192 840; x_wconf 91' lang='lat' dir='ltr'><strong>ut</strong></span> <span class='ocrx_word' id='word_1_23' title='bbox 1211 784 1282 860; x_wconf 90' lang='lat' dir='ltr'><strong>quia</strong></span> <span class='ocrx_word' id='word_1_24' title='bbox 1308 786 1341 842; x_wconf 91' lang='lat' dir='ltr'><strong>iu</strong></span> 
     </span>
     <span class='ocr_line' id='line_1_6' title="bbox 141 865 1342 941; baseline -0.002 -17"><span class='ocrx_word' id='word_1_25' title='bbox 141 867 240 925; x_wconf 90' lang='lat' dir='ltr'><strong>multis</strong></span> <span class='ocrx_word' id='word_1_26' title='bbox 261 867 449 938; x_wconf 88' lang='lat' dir='ltr'><strong>offendimus,</strong></span> <span class='ocrx_word' id='word_1_27' title='bbox 473 873 527 923; x_wconf 83' lang='lat' dir='ltr'><strong>tua</strong></span> <span class='ocrx_word' id='word_1_28' title='bbox 550 867 658 924; x_wconf 79' lang='lat' dir='ltr'><strong>ceritas</strong></span> <span class='ocrx_word' id='word_1_29' title='bbox 683 866 816 923; x_wconf 81' lang='lat' dir='ltr'><strong>abundet</strong></span> <span class='ocrx_word' id='word_1_30' title='bbox 841 867 875 922; x_wconf 92' lang='lat' dir='ltr'><strong>in</strong></span> <span class='ocrx_word' id='word_1_31' title='bbox 901 865 996 936; x_wconf 85' lang='lat' dir='ltr'><strong>nobis,</strong></span> <span class='ocrx_word' id='word_1_32' title='bbox 1024 884 1078 940; x_wconf 92' lang='lat' dir='ltr'><strong>per</strong></span> <span class='ocrx_word' id='word_1_33' title='bbox 1104 884 1194 940; x_wconf 73' lang='lat' dir='ltr'><strong>quam</strong></span> <span class='ocrx_word' id='word_1_34' title='bbox 1220 872 1342 941; x_wconf 83' lang='lat' dir='ltr'><strong>peccate</strong></span> 
     </span>
     <span class='ocr_line' id='line_1_7' title="bbox 140 947 616 1006; baseline -0.004 0"><span class='ocrx_word' id='word_1_35' title='bbox 140 948 329 1006; x_wconf 85' lang='lat' dir='ltr'><strong>mundantur.</strong></span> <span class='ocrx_word' id='word_1_36' title='bbox 371 947 431 1005; x_wconf 90' lang='lat' dir='ltr'><strong>Per</strong></span> <span class='ocrx_word' id='word_1_37' title='bbox 443 947 616 1005; x_wconf 88' lang='lat' dir='ltr'><strong>Dominum.</strong></span> 
     </span>
    </p>

    <p class='ocr_par' dir='ltr' id='par_1_5' title="bbox 196 1027 318 1088">
     <span class='ocr_line' id='line_1_8' title="bbox 196 1027 318 1088; baseline -0.008 0"><span class='ocrx_word' id='word_1_38' title='bbox 196 1027 318 1088; x_wconf 63' lang='lat' dir='ltr'><strong>&amp;man</strong></span> 
     </span>
    </p>

    <p class='ocr_par' dir='ltr' id='par_1_6' title="bbox 137 1106 1343 1409">
     <span class='ocr_line' id='line_1_9' title="bbox 196 1106 1341 1186; baseline 0 -20"><span class='ocrx_word' id='word_1_39' title='bbox 196 1109 290 1181; x_wconf 89' lang='lat' dir='ltr'><strong>Deus,</strong></span> <span class='ocrx_word' id='word_1_40' title='bbox 305 1108 359 1186; x_wconf 92' lang='lat' dir='ltr'><strong>qui</strong></span> <span class='ocrx_word' id='word_1_41' title='bbox 371 1128 426 1166; x_wconf 91' lang='lat' dir='ltr'><strong>nos</strong></span> <span class='ocrx_word' id='word_1_42' title='bbox 439 1109 478 1167; x_wconf 89' lang='lat' dir='ltr'><strong>ad</strong></span> <span class='ocrx_word' id='word_1_43' title='bbox 498 1109 658 1186; x_wconf 74' lang='lat' dir='ltr'><strong>imaginem</strong></span> <span class='ocrx_word' id='word_1_44' title='bbox 680 1115 764 1165; x_wconf 84' lang='lat' dir='ltr'><strong>tuam</strong></span> <span class='ocrx_word' id='word_1_45' title='bbox 783 1108 976 1165; x_wconf 75' lang='lat' dir='ltr'><strong>sacramentis</strong></span> <span class='ocrx_word' id='word_1_46' title='bbox 994 1106 1119 1164; x_wconf 82' lang='lat' dir='ltr'><strong>instruis</strong></span> <span class='ocrx_word' id='word_1_47' title='bbox 1133 1113 1165 1164; x_wconf 91' lang='lat' dir='ltr'><strong>et</strong></span> <span class='ocrx_word' id='word_1_48' title='bbox 1177 1108 1341 1185; x_wconf 71' lang='lat' dir='ltr'><strong>preceptis,</strong></span> 
     </span>
     <span class='ocr_line' id='line_1_10' title="bbox 137 1188 1343 1267; baseline 0 -19"><span class='ocrx_word' id='word_1_49' title='bbox 137 1189 243 1266; x_wconf 86' lang='lat' dir='ltr'><strong>perfice</strong></span> <span class='ocrx_word' id='word_1_50' title='bbox 255 1209 372 1267; x_wconf 82' lang='lat' dir='ltr'><strong>gressus</strong></span> <span class='ocrx_word' id='word_1_51' title='bbox 388 1197 506 1247; x_wconf 84' lang='lat' dir='ltr'><strong>nostros</strong></span> <span class='ocrx_word' id='word_1_52' title='bbox 522 1191 556 1246; x_wconf 93' lang='lat' dir='ltr'><strong>in</strong></span> <span class='ocrx_word' id='word_1_53' title='bbox 569 1190 683 1247; x_wconf 88' lang='lat' dir='ltr'><strong>semitis</strong></span> <span class='ocrx_word' id='word_1_54' title='bbox 699 1190 770 1259; x_wconf 87' lang='lat' dir='ltr'><strong>tuis,</strong></span> <span class='ocrx_word' id='word_1_55' title='bbox 785 1197 821 1246; x_wconf 91' lang='lat' dir='ltr'><strong>ut</strong></span> <span class='ocrx_word' id='word_1_56' title='bbox 834 1189 968 1246; x_wconf 73' lang='lat' dir='ltr'><strong>raritatis</strong></span> <span class='ocrx_word' id='word_1_57' title='bbox 985 1188 1106 1257; x_wconf 90' lang='lat' dir='ltr'><strong>donum,</strong></span> <span class='ocrx_word' id='word_1_58' title='bbox 1120 1188 1201 1264; x_wconf 90' lang='lat' dir='ltr'><strong>quod</strong></span> <span class='ocrx_word' id='word_1_59' title='bbox 1213 1188 1312 1248; x_wconf 79' lang='lat' dir='ltr'><strong>fecisti</strong></span> <span class='ocrx_word' id='word_1_60' title='bbox 1323 1209 1343 1248; x_wconf 90' lang='lat' dir='ltr'><strong>a</strong></span> 
     </span>
     <span class='ocr_line' id='line_1_11' title="bbox 137 1269 1343 1409; baseline 0.001 -81"><span class='ocrx_word' id='word_1_61' title='bbox 137 1271 223 1409; x_wconf 61' lang='lat' dir='ltr'><strong>pppis</strong></span> <span class='ocrx_word' id='word_1_62' title='bbox 235 1271 357 1347; x_wconf 81' lang='lat' dir='ltr'><strong>sperari,</strong></span> <span class='ocrx_word' id='word_1_63' title='bbox 371 1271 499 1348; x_wconf 83' lang='lat' dir='ltr'><strong>perhaec</strong></span> <span class='ocrx_word' id='word_1_64' title='bbox 522 1290 589 1346; x_wconf 83' lang='lat' dir='ltr'><strong>quae</strong></span> <span class='ocrx_word' id='word_1_65' title='bbox 612 1270 762 1327; x_wconf 87' lang='lat' dir='ltr'><strong>offerimus</strong></span> <span class='ocrx_word' id='word_1_66' title='bbox 784 1270 928 1328; x_wconf 76' lang='lat' dir='ltr'><strong>sacrificis</strong></span> <span class='ocrx_word' id='word_1_67' title='bbox 948 1269 1038 1328; x_wconf 70' lang='lat' dir='ltr'><strong>facias</strong></span> <span class='ocrx_word' id='word_1_68' title='bbox 1050 1269 1240 1345; x_wconf 88' lang='lat' dir='ltr'><strong>apprehendi.</strong></span> <span class='ocrx_word' id='word_1_69' title='bbox 1283 1270 1343 1329; x_wconf 86' lang='lat' dir='ltr'><strong>Per</strong></span> 
     </span>
    </p>

    <p class='ocr_par' dir='ltr' id='par_1_7' title="bbox 185 1371 310 1410">
     <span class='ocr_line' id='line_1_12' title="bbox 185 1371 310 1410; baseline -0.016 0"><span class='ocrx_word' id='word_1_70' title='bbox 185 1371 310 1410; x_wconf 78' lang='lat' dir='ltr'><strong>minum.</strong></span> 
     </span>
    </p>

    <p class='ocr_par' dir='ltr' id='par_1_8' title="bbox 197 1432 439 1490">
     <span class='ocr_line' id='line_1_13' title="bbox 197 1432 439 1490; baseline -0.004 -1"><span class='ocrx_word' id='word_1_71' title='bbox 197 1432 439 1490; x_wconf 82' lang='lat' dir='ltr'><strong>Pootcommunio.</strong></span> 
     </span>
    </p>

    <p class='ocr_par' dir='ltr' id='par_1_9' title="bbox 136 1512 1341 1752">
     <span class='ocr_line' id='line_1_14' title="bbox 196 1512 1341 1589; baseline 0.001 -19"><span class='ocrx_word' id='word_1_72' title='bbox 196 1513 290 1585; x_wconf 91' lang='lat' dir='ltr'><strong>Deus,</strong></span> <span class='ocrx_word' id='word_1_73' title='bbox 305 1513 358 1589; x_wconf 90' lang='lat' dir='ltr'><strong>qui</strong></span> <span class='ocrx_word' id='word_1_74' title='bbox 382 1513 574 1582; x_wconf 69' lang='lat' dir='ltr'><strong>diligentibus</strong></span> <span class='ocrx_word' id='word_1_75' title='bbox 586 1519 618 1569; x_wconf 85' lang='lat' dir='ltr'><strong>te</strong></span> <span class='ocrx_word' id='word_1_76' title='bbox 638 1512 711 1570; x_wconf 83' lang='lat' dir='ltr'><strong>facis</strong></span> <span class='ocrx_word' id='word_1_77' title='bbox 731 1519 839 1569; x_wconf 83' lang='lat' dir='ltr'><strong>cuncte</strong></span> <span class='ocrx_word' id='word_1_78' title='bbox 856 1513 1000 1589; x_wconf 86' lang='lat' dir='ltr'><strong>prodesse,</strong></span> <span class='ocrx_word' id='word_1_79' title='bbox 1015 1514 1054 1572; x_wconf 89' lang='lat' dir='ltr'><strong>da</strong></span> <span class='ocrx_word' id='word_1_80' title='bbox 1073 1514 1211 1571; x_wconf 84' lang='lat' dir='ltr'><strong>cordibus</strong></span> <span class='ocrx_word' id='word_1_81' title='bbox 1230 1513 1341 1571; x_wconf 89' lang='lat' dir='ltr'><strong>nostris</strong></span> 
     </span>
     <span class='ocr_line' id='line_1_15' title="bbox 136 1593 1341 1670; baseline 0.002 -20"><span class='ocrx_word' id='word_1_82' title='bbox 136 1611 188 1670; x_wconf 90' lang='lat' dir='ltr'><strong>per</strong></span> <span class='ocrx_word' id='word_1_83' title='bbox 200 1593 265 1652; x_wconf 85' lang='lat' dir='ltr'><strong>haec</strong></span> <span class='ocrx_word' id='word_1_84' title='bbox 277 1600 380 1652; x_wconf 79' lang='lat' dir='ltr'><strong>sancte</strong></span> <span class='ocrx_word' id='word_1_85' title='bbox 392 1613 459 1669; x_wconf 77' lang='lat' dir='ltr'><strong>quse</strong></span> <span class='ocrx_word' id='word_1_86' title='bbox 476 1593 655 1670; x_wconf 82' lang='lat' dir='ltr'><strong>sumpsimus</strong></span> <span class='ocrx_word' id='word_1_87' title='bbox 675 1593 878 1650; x_wconf 82' lang='lat' dir='ltr'><strong>inviolabilem</strong></span> <span class='ocrx_word' id='word_1_88' title='bbox 897 1595 1031 1652; x_wconf 82' lang='lat' dir='ltr'><strong>csritetis</strong></span> <span class='ocrx_word' id='word_1_89' title='bbox 1043 1596 1193 1664; x_wconf 85' lang='lat' dir='ltr'><strong>affectum,</strong></span> <span class='ocrx_word' id='word_1_90' title='bbox 1207 1600 1244 1651; x_wconf 87' lang='lat' dir='ltr'><strong>nt</strong></span> <span class='ocrx_word' id='word_1_91' title='bbox 1257 1594 1341 1652; x_wconf 86' lang='lat' dir='ltr'><strong>nulls</strong></span> 
     </span>
     <span class='ocr_line' id='line_1_16' title="bbox 136 1674 1337 1752; baseline -0.001 -18"><span class='ocrx_word' id='word_1_92' title='bbox 136 1676 251 1750; x_wconf 81' lang='lat' dir='ltr'><strong>possint</strong></span> <span class='ocrx_word' id='word_1_93' title='bbox 263 1675 430 1733; x_wconf 86' lang='lat' dir='ltr'><strong>tentatione</strong></span> <span class='ocrx_word' id='word_1_94' title='bbox 442 1675 596 1732; x_wconf 78' lang='lat' dir='ltr'><strong>immutari</strong></span> <span class='ocrx_word' id='word_1_95' title='bbox 608 1674 753 1732; x_wconf 87' lang='lat' dir='ltr'><strong>desideria</strong></span> <span class='ocrx_word' id='word_1_96' title='bbox 765 1674 803 1730; x_wconf 90' lang='lat' dir='ltr'><strong>de</strong></span> <span class='ocrx_word' id='word_1_97' title='bbox 816 1680 870 1732; x_wconf 89' lang='lat' dir='ltr'><strong>tua</strong></span> <span class='ocrx_word' id='word_1_98' title='bbox 876 1674 1071 1751; x_wconf 87' lang='lat' dir='ltr'><strong>inspiratione</strong></span> <span class='ocrx_word' id='word_1_99' title='bbox 1080 1682 1228 1752; x_wconf 76' lang='lat' dir='ltr'><strong>concepta.</strong></span> <span class='ocrx_word' id='word_1_100' title='bbox 1271 1675 1337 1734; x_wconf 89' lang='lat' dir='ltr'><strong>Per.</strong></span> 
     </span>
    </p>
   </div>
   <div class='ocr_carea' id='block_1_3' title="bbox 133 1886 1341 3177">
    <p class='ocr_par' dir='ltr' id='par_1_10' title="bbox 580 1886 915 1946">
     <span class='ocr_line' id='line_1_17' title="bbox 580 1886 915 1946; baseline 0.003 -2"><span class='ocrx_word' id='word_1_101' title='bbox 580 1887 646 1944; x_wconf 85' lang='lat' dir='ltr'><strong>Pno</strong></span> <span class='ocrx_word' id='word_1_102' title='bbox 666 1886 915 1946; x_wconf 72' lang='lat' dir='ltr'><strong>Irnmmmnes.</strong></span> 
     </span>
    </p>

    <p class='ocr_par' dir='ltr' id='par_1_11' title="bbox 197 1970 308 2029">
     <span class='ocr_line' id='line_1_18' title="bbox 197 1970 308 2029; baseline -0.018 0"><span class='ocrx_word' id='word_1_103' title='bbox 197 1970 308 2029; x_wconf 68' lang='lat' dir='ltr'><strong>Oratio.</strong></span> 
     </span>
    </p>

    <p class='ocr_par' dir='ltr' id='par_1_12' title="bbox 136 2048 1339 2287">
     <span class='ocr_line' id='line_1_19' title="bbox 196 2048 1339 2125; baseline -0.001 -17"><span class='ocrx_word' id='word_1_104' title='bbox 196 2051 320 2124; x_wconf 87' lang='lat' dir='ltr'><strong>Adesto,</strong></span> <span class='ocrx_word' id='word_1_105' title='bbox 336 2049 473 2121; x_wconf 89' lang='lat' dir='ltr'><strong>Domine,</strong></span> <span class='ocrx_word' id='word_1_106' title='bbox 488 2048 752 2125; x_wconf 79' lang='lat' dir='ltr'><strong>supplicationibus</strong></span> <span class='ocrx_word' id='word_1_107' title='bbox 765 2049 882 2118; x_wconf 87' lang='lat' dir='ltr'><strong>nostris,</strong></span> <span class='ocrx_word' id='word_1_108' title='bbox 891 2055 923 2106; x_wconf 90' lang='lat' dir='ltr'><strong>et</strong></span> <span class='ocrx_word' id='word_1_109' title='bbox 931 2049 1011 2105; x_wconf 88' lang='lat' dir='ltr'><strong>viam</strong></span> <span class='ocrx_word' id='word_1_110' title='bbox 1019 2054 1050 2106; x_wconf 91' lang='lat' dir='ltr'><strong>et</strong></span> <span class='ocrx_word' id='word_1_111' title='bbox 1063 2053 1146 2106; x_wconf 73' lang='lat' dir='ltr'><strong>setin</strong></span> <span class='ocrx_word' id='word_1_112' title='bbox 1160 2049 1339 2108; x_wconf 82' lang='lat' dir='ltr'><strong>famulorum</strong></span> 
     </span>
     <span class='ocr_line' id='line_1_20' title="bbox 136 2129 1338 2207; baseline -0.001 -17"><span class='ocrx_word' id='word_1_113' title='bbox 136 2138 256 2190; x_wconf 87' lang='lat' dir='ltr'><strong>tuorum</strong></span> <span class='ocrx_word' id='word_1_114' title='bbox 269 2133 301 2188; x_wconf 92' lang='lat' dir='ltr'><strong>in</strong></span> <span class='ocrx_word' id='word_1_115' title='bbox 316 2130 421 2188; x_wconf 84' lang='lat' dir='ltr'><strong>salutis</strong></span> <span class='ocrx_word' id='word_1_116' title='bbox 433 2137 494 2187; x_wconf 85' lang='lat' dir='ltr'><strong>tuae</strong></span> <span class='ocrx_word' id='word_1_117' title='bbox 508 2130 701 2207; x_wconf 86' lang='lat' dir='ltr'><strong>prosperitate</strong></span> <span class='ocrx_word' id='word_1_118' title='bbox 714 2130 836 2205; x_wconf 89' lang='lat' dir='ltr'><strong>dispone</strong></span> <span class='ocrx_word' id='word_1_119' title='bbox 842 2150 850 2201; x_wconf 90' lang='lat'>余</span> <span class='ocrx_word' id='word_1_120' title='bbox 871 2138 907 2186; x_wconf 91' lang='lat' dir='ltr'><strong>ut</strong></span> <span class='ocrx_word' id='word_1_121' title='bbox 927 2130 1008 2186; x_wconf 87' lang='lat' dir='ltr'><strong>inter</strong></span> <span class='ocrx_word' id='word_1_122' title='bbox 1020 2149 1121 2186; x_wconf 84' lang='lat' dir='ltr'><strong>omnes</strong></span> <span class='ocrx_word' id='word_1_123' title='bbox 1134 2129 1224 2205; x_wconf 88' lang='lat' dir='ltr'><strong>hujus</strong></span> <span class='ocrx_word' id='word_1_124' title='bbox 1236 2131 1294 2188; x_wconf 79' lang='lat' dir='ltr'><strong>vise</strong></span> <span class='ocrx_word' id='word_1_125' title='bbox 1307 2136 1338 2189; x_wconf 87' lang='lat' dir='ltr'><strong>et</strong></span> 
     </span>
     <span class='ocr_line' id='line_1_21' title="bbox 137 2210 1207 2287; baseline 0 -17"><span class='ocrx_word' id='word_1_126' title='bbox 137 2213 206 2270; x_wconf 84' lang='lat' dir='ltr'><strong>vitoe</strong></span> <span class='ocrx_word' id='word_1_127' title='bbox 220 2213 388 2282; x_wconf 81' lang='lat' dir='ltr'><strong>varietates,</strong></span> <span class='ocrx_word' id='word_1_128' title='bbox 402 2220 455 2269; x_wconf 93' lang='lat' dir='ltr'><strong>tuo</strong></span> <span class='ocrx_word' id='word_1_129' title='bbox 467 2230 582 2287; x_wconf 89' lang='lat' dir='ltr'><strong>semper</strong></span> <span class='ocrx_word' id='word_1_130' title='bbox 595 2217 789 2287; x_wconf 86' lang='lat' dir='ltr'><strong>protegantur</strong></span> <span class='ocrx_word' id='word_1_131' title='bbox 801 2210 921 2268; x_wconf 85' lang='lat' dir='ltr'><strong>auxilio.</strong></span> <span class='ocrx_word' id='word_1_132' title='bbox 964 2210 1023 2267; x_wconf 91' lang='lat' dir='ltr'><strong>Per</strong></span> <span class='ocrx_word' id='word_1_133' title='bbox 1036 2211 1207 2270; x_wconf 89' lang='lat' dir='ltr'><strong>Dominum.</strong></span> 
     </span>
    </p>

    <p class='ocr_par' dir='ltr' id='par_1_13' title="bbox 196 2294 318 2352">
     <span class='ocr_line' id='line_1_22' title="bbox 196 2294 318 2352; baseline -0.025 0"><span class='ocrx_word' id='word_1_134' title='bbox 196 2294 318 2352; x_wconf 68' lang='lat' dir='ltr'><strong>Secreto.</strong></span> 
     </span>
    </p>

    <p class='ocr_par' dir='ltr' id='par_1_14' title="bbox 135 2371 1339 2775">
     <span class='ocr_line' id='line_1_23' title="bbox 197 2371 1339 2451; baseline 0.002 -20"><span class='ocrx_word' id='word_1_135' title='bbox 197 2374 372 2451; x_wconf 84' lang='lat' dir='ltr'><strong>Propitisre,</strong></span> <span class='ocrx_word' id='word_1_136' title='bbox 388 2372 526 2444; x_wconf 87' lang='lat' dir='ltr'><strong>Domine,</strong></span> <span class='ocrx_word' id='word_1_137' title='bbox 540 2371 804 2448; x_wconf 80' lang='lat' dir='ltr'><strong>supplicationibus</strong></span> <span class='ocrx_word' id='word_1_138' title='bbox 823 2371 941 2443; x_wconf 88' lang='lat' dir='ltr'><strong>nostris,</strong></span> <span class='ocrx_word' id='word_1_139' title='bbox 961 2377 991 2430; x_wconf 91' lang='lat' dir='ltr'><strong>et</strong></span> <span class='ocrx_word' id='word_1_140' title='bbox 1010 2372 1064 2429; x_wconf 89' lang='lat' dir='ltr'><strong>has</strong></span> <span class='ocrx_word' id='word_1_141' title='bbox 1085 2373 1247 2430; x_wconf 82' lang='lat' dir='ltr'><strong>oblationes</strong></span> <span class='ocrx_word' id='word_1_142' title='bbox 1265 2393 1339 2450; x_wconf 87' lang='lat' dir='ltr'><strong>quas</strong></span> 
     </span>
     <span class='ocr_line' id='line_1_24' title="bbox 137 2452 1337 2530; baseline 0 -18"><span class='ocrx_word' id='word_1_143' title='bbox 137 2455 192 2513; x_wconf 92' lang='lat' dir='ltr'><strong>tibi</strong></span> <span class='ocrx_word' id='word_1_144' title='bbox 210 2455 360 2512; x_wconf 83' lang='lat' dir='ltr'><strong>offerimus</strong></span> <span class='ocrx_word' id='word_1_145' title='bbox 383 2473 437 2530; x_wconf 90' lang='lat' dir='ltr'><strong>pro</strong></span> <span class='ocrx_word' id='word_1_146' title='bbox 461 2453 581 2510; x_wconf 82' lang='lat' dir='ltr'><strong>famulis</strong></span> <span class='ocrx_word' id='word_1_147' title='bbox 604 2457 666 2510; x_wconf 89' lang='lat' dir='ltr'><strong>tuis</strong></span> <span class='ocrx_word' id='word_1_148' title='bbox 687 2452 832 2528; x_wconf 88' lang='lat' dir='ltr'><strong>benignus</strong></span> <span class='ocrx_word' id='word_1_149' title='bbox 849 2472 984 2524; x_wconf 82' lang='lat' dir='ltr'><strong>assume3</strong></span> <span class='ocrx_word' id='word_1_150' title='bbox 1004 2458 1040 2510; x_wconf 91' lang='lat' dir='ltr'><strong>ut</strong></span> <span class='ocrx_word' id='word_1_151' title='bbox 1064 2453 1144 2510; x_wconf 83' lang='lat' dir='ltr'><strong>viam</strong></span> <span class='ocrx_word' id='word_1_152' title='bbox 1165 2454 1286 2511; x_wconf 91' lang='lat' dir='ltr'><strong>illorum</strong></span> <span class='ocrx_word' id='word_1_153' title='bbox 1306 2460 1337 2513; x_wconf 89' lang='lat' dir='ltr'><strong>et</strong></span> 
     </span>
     <span class='ocr_line' id='line_1_25' title="bbox 137 2533 1338 2612; baseline 0 -19"><span class='ocrx_word' id='word_1_154' title='bbox 137 2544 219 2594; x_wconf 88' lang='lat' dir='ltr'><strong>actus</strong></span> <span class='ocrx_word' id='word_1_155' title='bbox 232 2537 416 2612; x_wconf 79' lang='lat' dir='ltr'><strong>praecedente</strong></span> <span class='ocrx_word' id='word_1_156' title='bbox 429 2535 526 2610; x_wconf 84' lang='lat' dir='ltr'><strong>gratia</strong></span> <span class='ocrx_word' id='word_1_157' title='bbox 539 2540 592 2591; x_wconf 84' lang='lat' dir='ltr'><strong>tua</strong></span> <span class='ocrx_word' id='word_1_158' title='bbox 605 2534 723 2610; x_wconf 84' lang='lat' dir='ltr'><strong>diriges,</strong></span> <span class='ocrx_word' id='word_1_159' title='bbox 738 2542 768 2590; x_wconf 91' lang='lat' dir='ltr'><strong>et</strong></span> <span class='ocrx_word' id='word_1_160' title='bbox 781 2534 978 2609; x_wconf 90' lang='lat' dir='ltr'><strong>subsequente</strong></span> <span class='ocrx_word' id='word_1_161' title='bbox 992 2533 1128 2590; x_wconf 86' lang='lat' dir='ltr'><strong>comitari</strong></span> <span class='ocrx_word' id='word_1_162' title='bbox 1137 2534 1266 2610; x_wconf 87' lang='lat' dir='ltr'><strong>digneris</strong></span> <span class='ocrx_word' id='word_1_163' title='bbox 1277 2555 1286 2607; x_wconf 77' lang='lat'><em>3</em></span> <span class='ocrx_word' id='word_1_164' title='bbox 1302 2548 1338 2593; x_wconf 86' lang='lat' dir='ltr'><strong>ut</strong></span> 
     </span>
     <span class='ocr_line' id='line_1_26' title="bbox 135 2613 1338 2693; baseline 0 -19"><span class='ocrx_word' id='word_1_165' title='bbox 135 2617 172 2675; x_wconf 91' lang='lat' dir='ltr'><strong>de</strong></span> <span class='ocrx_word' id='word_1_166' title='bbox 186 2627 256 2674; x_wconf 79' lang='lat' dir='ltr'><strong>ectu</strong></span> <span class='ocrx_word' id='word_1_167' title='bbox 275 2627 366 2693; x_wconf 83' lang='lat' dir='ltr'><strong>atque</strong></span> <span class='ocrx_word' id='word_1_168' title='bbox 389 2616 594 2672; x_wconf 87' lang='lat' dir='ltr'><strong>incolumitate</strong></span> <span class='ocrx_word' id='word_1_169' title='bbox 616 2634 718 2672; x_wconf 89' lang='lat' dir='ltr'><strong>eorum</strong></span> <span class='ocrx_word' id='word_1_170' title='bbox 732 2615 893 2671; x_wconf 88' lang='lat' dir='ltr'><strong>secundum</strong></span> <span class='ocrx_word' id='word_1_171' title='bbox 907 2613 1113 2672; x_wconf 74' lang='lat' dir='ltr'><strong>misericordiae</strong></span> <span class='ocrx_word' id='word_1_172' title='bbox 1127 2620 1187 2672; x_wconf 86' lang='lat' dir='ltr'><strong>tuae</strong></span> <span class='ocrx_word' id='word_1_173' title='bbox 1200 2616 1338 2692; x_wconf 79' lang='lat' dir='ltr'><strong>preesidia</strong></span> 
     </span>
     <span class='ocr_line' id='line_1_27' title="bbox 136 2697 609 2775; baseline -0.004 -21"><span class='ocrx_word' id='word_1_174' title='bbox 136 2698 322 2775; x_wconf 79' lang='lat' dir='ltr'><strong>gaudeamus.</strong></span> <span class='ocrx_word' id='word_1_175' title='bbox 366 2697 425 2754; x_wconf 91' lang='lat' dir='ltr'><strong>Per</strong></span> <span class='ocrx_word' id='word_1_176' title='bbox 438 2697 609 2753; x_wconf 88' lang='lat' dir='ltr'><strong>Dominum.</strong></span> 
     </span>
    </p>

    <p class='ocr_par' dir='ltr' id='par_1_15' title="bbox 195 2779 437 2838">
     <span class='ocr_line' id='line_1_28' title="bbox 195 2779 437 2838; baseline -0.012 -2"><span class='ocrx_word' id='word_1_177' title='bbox 195 2779 437 2838; x_wconf 79' lang='lat' dir='ltr'><strong>Posteommum&#39;o.</strong></span> 
     </span>
    </p>

    <p class='ocr_par' dir='ltr' id='par_1_16' title="bbox 133 2856 1341 3177">
     <span class='ocr_line' id='line_1_29' title="bbox 197 2856 1341 2935; baseline 0.001 -18"><span class='ocrx_word' id='word_1_178' title='bbox 197 2859 289 2929; x_wconf 90' lang='lat' dir='ltr'><strong>Deus,</strong></span> <span class='ocrx_word' id='word_1_179' title='bbox 303 2860 356 2935; x_wconf 90' lang='lat' dir='ltr'><strong>qui</strong></span> <span class='ocrx_word' id='word_1_180' title='bbox 376 2858 566 2934; x_wconf 88' lang='lat' dir='ltr'><strong>diligentibus</strong></span> <span class='ocrx_word' id='word_1_181' title='bbox 578 2864 610 2914; x_wconf 85' lang='lat' dir='ltr'><strong>te</strong></span> <span class='ocrx_word' id='word_1_182' title='bbox 629 2856 859 2914; x_wconf 80' lang='lat' dir='ltr'><strong>misericordiam</strong></span> <span class='ocrx_word' id='word_1_183' title='bbox 879 2862 962 2914; x_wconf 85' lang='lat' dir='ltr'><strong>tuam</strong></span> <span class='ocrx_word' id='word_1_184' title='bbox 976 2876 1090 2933; x_wconf 89' lang='lat' dir='ltr'><strong>semper</strong></span> <span class='ocrx_word' id='word_1_185' title='bbox 1102 2857 1256 2934; x_wconf 88' lang='lat' dir='ltr'><strong>impendis,</strong></span> <span class='ocrx_word' id='word_1_186' title='bbox 1271 2865 1303 2917; x_wconf 89' lang='lat' dir='ltr'><strong>et</strong></span> <span class='ocrx_word' id='word_1_187' title='bbox 1322 2878 1341 2918; x_wconf 87' lang='lat' dir='ltr'><strong>a</strong></span> 
     </span>
     <span class='ocr_line' id='line_1_30' title="bbox 138 2938 1340 3014; baseline 0 -16"><span class='ocrx_word' id='word_1_188' title='bbox 138 2941 332 2998; x_wconf 87' lang='lat' dir='ltr'><strong>servientibus</strong></span> <span class='ocrx_word' id='word_1_189' title='bbox 352 2940 409 2997; x_wconf 86' lang='lat' dir='ltr'><strong>tibi</strong></span> <span class='ocrx_word' id='word_1_190' title='bbox 427 2940 460 2995; x_wconf 91' lang='lat' dir='ltr'><strong>in</strong></span> <span class='ocrx_word' id='word_1_191' title='bbox 483 2938 567 2995; x_wconf 88' lang='lat' dir='ltr'><strong>nulla</strong></span> <span class='ocrx_word' id='word_1_192' title='bbox 590 2958 620 2995; x_wconf 88' lang='lat' dir='ltr'><strong>es</strong></span> <span class='ocrx_word' id='word_1_193' title='bbox 644 2939 762 3014; x_wconf 90' lang='lat' dir='ltr'><strong>regione</strong></span> <span class='ocrx_word' id='word_1_194' title='bbox 783 2938 972 3014; x_wconf 86' lang='lat' dir='ltr'><strong>longinquus,</strong></span> <span class='ocrx_word' id='word_1_195' title='bbox 986 2938 1079 3014; x_wconf 78' lang='lat' dir='ltr'><strong>dirige</strong></span> <span class='ocrx_word' id='word_1_196' title='bbox 1103 2938 1183 2996; x_wconf 84' lang='lat' dir='ltr'><strong>viem</strong></span> <span class='ocrx_word' id='word_1_197' title='bbox 1207 2946 1238 2998; x_wconf 91' lang='lat' dir='ltr'><strong>et</strong></span> <span class='ocrx_word' id='word_1_198' title='bbox 1257 2947 1340 2998; x_wconf 79' lang='lat' dir='ltr'><strong>actus</strong></span> 
     </span>
     <span class='ocr_line' id='line_1_31' title="bbox 137 3019 1341 3097; baseline 0.002 -21"><span class='ocrx_word' id='word_1_199' title='bbox 137 3020 315 3079; x_wconf 84' lang='lat' dir='ltr'><strong>famulorum</strong></span> <span class='ocrx_word' id='word_1_200' title='bbox 327 3028 448 3078; x_wconf 84' lang='lat' dir='ltr'><strong>tuorum</strong></span> <span class='ocrx_word' id='word_1_201' title='bbox 469 3021 501 3076; x_wconf 93' lang='lat' dir='ltr'><strong>in</strong></span> <span class='ocrx_word' id='word_1_202' title='bbox 518 3019 673 3076; x_wconf 82' lang='lat' dir='ltr'><strong>voluntate</strong></span> <span class='ocrx_word' id='word_1_203' title='bbox 687 3026 749 3091; x_wconf 88' lang='lat' dir='ltr'><strong>tua,</strong></span> <span class='ocrx_word' id='word_1_204' title='bbox 764 3028 800 3076; x_wconf 90' lang='lat' dir='ltr'><strong>ut</strong></span> <span class='ocrx_word' id='word_1_205' title='bbox 813 3025 844 3076; x_wconf 90' lang='lat' dir='ltr'><strong>te</strong></span> <span class='ocrx_word' id='word_1_206' title='bbox 857 3025 1023 3096; x_wconf 89' lang='lat' dir='ltr'><strong>protectore</strong></span> <span class='ocrx_word' id='word_1_207' title='bbox 1044 3026 1075 3077; x_wconf 87' lang='lat' dir='ltr'><strong>et</strong></span> <span class='ocrx_word' id='word_1_208' title='bbox 1096 3026 1126 3077; x_wconf 90' lang='lat' dir='ltr'><strong>te</strong></span> <span class='ocrx_word' id='word_1_209' title='bbox 1139 3021 1274 3096; x_wconf 86' lang='lat' dir='ltr'><strong>praeduce</strong></span> <span class='ocrx_word' id='word_1_210' title='bbox 1288 3041 1341 3097; x_wconf 86' lang='lat' dir='ltr'><strong>per</strong></span> 
     </span>
     <span class='ocr_line' id='line_1_32' title="bbox 133 3099 947 3177; baseline -0.005 -17"><span class='ocrx_word' id='word_1_211' title='bbox 133 3102 260 3176; x_wconf 87' lang='lat' dir='ltr'><strong>justitiae</strong></span> <span class='ocrx_word' id='word_1_212' title='bbox 274 3102 393 3160; x_wconf 82' lang='lat' dir='ltr'><strong>semitas</strong></span> <span class='ocrx_word' id='word_1_213' title='bbox 407 3103 470 3158; x_wconf 87' lang='lat' dir='ltr'><strong>sine</strong></span> <span class='ocrx_word' id='word_1_214' title='bbox 484 3100 643 3158; x_wconf 86' lang='lat' dir='ltr'><strong>offensione</strong></span> <span class='ocrx_word' id='word_1_215' title='bbox 656 3101 839 3177; x_wconf 83' lang='lat' dir='ltr'><strong>gradiantur.</strong></span> <span class='ocrx_word' id='word_1_216' title='bbox 882 3099 947 3156; x_wconf 90' lang='lat' dir='ltr'><strong>Per.</strong></span> 
     </span>
    </p>
   </div>
   <div class='ocr_carea' id='block_1_4' title="bbox 521 3321 955 3403">
    <p class='ocr_par' dir='ltr' id='par_1_17' title="bbox 521 3321 955 3403">
     <span class='ocr_line' id='line_1_33' title="bbox 521 3321 955 3403; baseline 0.007 -23"><span class='ocrx_word' id='word_1_217' title='bbox 521 3321 600 3403; x_wconf 83' lang='lat' dir='ltr'><strong>[Pno</strong></span> <span class='ocrx_word' id='word_1_218' title='bbox 622 3339 737 3381; x_wconf 74' lang='lat' dir='ltr'><strong>saturn</strong></span> <span class='ocrx_word' id='word_1_219' title='bbox 757 3323 955 3384; x_wconf 71' lang='lat' dir='ltr'><strong>Anninus.</strong></span> 
     </span>
    </p>
   </div>
   <div class='ocr_carea' id='block_1_5' title="bbox 133 3404 1340 4533">
    <p class='ocr_par' dir='ltr' id='par_1_18' title="bbox 198 3404 308 3464">
     <span class='ocr_line' id='line_1_34' title="bbox 198 3404 308 3464; baseline -0.018 0"><span class='ocrx_word' id='word_1_220' title='bbox 198 3404 308 3464; x_wconf 73' lang='lat' dir='ltr'><strong>Oratio.</strong></span> 
     </span>
    </p>

    <p class='ocr_par' dir='ltr' id='par_1_19' title="bbox 136 3484 1340 3723">
     <span class='ocr_line' id='line_1_35' title="bbox 194 3484 1340 3568; baseline 0.003 -25"><span class='ocrx_word' id='word_1_221' title='bbox 194 3486 286 3556; x_wconf 91' lang='lat' dir='ltr'><strong>Deus,</strong></span> <span class='ocrx_word' id='word_1_222' title='bbox 295 3485 347 3561; x_wconf 92' lang='lat' dir='ltr'><strong>qui</strong></span> <span class='ocrx_word' id='word_1_223' title='bbox 357 3485 507 3542; x_wconf 88' lang='lat' dir='ltr'><strong>laboribus</strong></span> <span class='ocrx_word' id='word_1_224' title='bbox 515 3485 767 3542; x_wconf 83' lang='lat' dir='ltr'><strong>hominumetiam</strong></span> <span class='ocrx_word' id='word_1_225' title='bbox 776 3484 812 3542; x_wconf 92' lang='lat' dir='ltr'><strong>de</strong></span> <span class='ocrx_word' id='word_1_226' title='bbox 821 3485 912 3542; x_wconf 89' lang='lat' dir='ltr'><strong>mutis</strong></span> <span class='ocrx_word' id='word_1_227' title='bbox 920 3486 1098 3545; x_wconf 86' lang='lat' dir='ltr'><strong>animalibus</strong></span> <span class='ocrx_word' id='word_1_228' title='bbox 1108 3489 1211 3546; x_wconf 83' lang='lat' dir='ltr'><strong>solatia</strong></span> <span class='ocrx_word' id='word_1_229' title='bbox 1221 3491 1340 3568; x_wconf 81' lang='lat' dir='ltr'><strong>subrog-</strong></span> 
     </span>
     <span class='ocr_line' id='line_1_36' title="bbox 136 3565 1338 3646; baseline 0.006 -23"><span class='ocrx_word' id='word_1_230' title='bbox 136 3567 214 3638; x_wconf 81' lang='lat' dir='ltr'><strong>esti3</strong></span> <span class='ocrx_word' id='word_1_231' title='bbox 235 3566 381 3642; x_wconf 88' lang='lat' dir='ltr'><strong>supplices</strong></span> <span class='ocrx_word' id='word_1_232' title='bbox 398 3572 429 3623; x_wconf 92' lang='lat' dir='ltr'><strong>te</strong></span> <span class='ocrx_word' id='word_1_233' title='bbox 446 3586 591 3642; x_wconf 87' lang='lat' dir='ltr'><strong>rogamus,</strong></span> <span class='ocrx_word' id='word_1_234' title='bbox 612 3571 648 3622; x_wconf 90' lang='lat' dir='ltr'><strong>ut</strong></span> <span class='ocrx_word' id='word_1_235' title='bbox 665 3566 728 3623; x_wconf 89' lang='lat' dir='ltr'><strong>sine</strong></span> <span class='ocrx_word' id='word_1_236' title='bbox 749 3565 856 3641; x_wconf 88' lang='lat' dir='ltr'><strong>quibus</strong></span> <span class='ocrx_word' id='word_1_237' title='bbox 876 3585 937 3623; x_wconf 89' lang='lat' dir='ltr'><strong>non</strong></span> <span class='ocrx_word' id='word_1_238' title='bbox 951 3568 1043 3625; x_wconf 78' lang='lat' dir='ltr'><strong>alitur</strong></span> <span class='ocrx_word' id='word_1_239' title='bbox 1056 3568 1185 3628; x_wconf 81' lang='lat' dir='ltr'><strong>humana</strong></span> <span class='ocrx_word' id='word_1_240' title='bbox 1199 3571 1338 3646; x_wconf 90' lang='lat' dir='ltr'><strong>conditio,</strong></span> 
     </span>
     <span class='ocr_line' id='line_1_37' title="bbox 137 3646 945 3723; baseline 0.002 -20"><span class='ocrx_word' id='word_1_241' title='bbox 137 3647 247 3705; x_wconf 83' lang='lat' dir='ltr'><strong>nostris</strong></span> <span class='ocrx_word' id='word_1_242' title='bbox 260 3647 350 3704; x_wconf 82' lang='lat' dir='ltr'><strong>facies</strong></span> <span class='ocrx_word' id='word_1_243' title='bbox 363 3647 465 3704; x_wconf 88' lang='lat' dir='ltr'><strong>usibus</strong></span> <span class='ocrx_word' id='word_1_244' title='bbox 478 3666 539 3705; x_wconf 93' lang='lat' dir='ltr'><strong>non</strong></span> <span class='ocrx_word' id='word_1_245' title='bbox 552 3647 656 3723; x_wconf 89' lang='lat' dir='ltr'><strong>perire.</strong></span> <span class='ocrx_word' id='word_1_246' title='bbox 703 3646 758 3704; x_wconf 87' lang='lat' dir='ltr'><strong>Per</strong></span> <span class='ocrx_word' id='word_1_247' title='bbox 772 3647 945 3706; x_wconf 90' lang='lat' dir='ltr'><strong>Dominum.</strong></span> 
     </span>
    </p>

    <p class='ocr_par' dir='ltr' id='par_1_20' title="bbox 195 3728 316 3787">
     <span class='ocr_line' id='line_1_38' title="bbox 195 3728 316 3787; baseline -0.008 0"><span class='ocrx_word' id='word_1_248' title='bbox 195 3728 316 3787; x_wconf 81' lang='lat' dir='ltr'><strong>Secreto.</strong></span> 
     </span>
    </p>

    <p class='ocr_par' dir='ltr' id='par_1_21' title="bbox 134 3808 1339 4126">
     <span class='ocr_line' id='line_1_39' title="bbox 197 3808 1339 3888; baseline 0.006 -22"><span class='ocrx_word' id='word_1_249' title='bbox 197 3808 361 3867; x_wconf 80' lang='lat' dir='ltr'><strong>Subvenist</strong></span> <span class='ocrx_word' id='word_1_250' title='bbox 382 3809 473 3881; x_wconf 88' lang='lat' dir='ltr'><strong>nobis,</strong></span> <span class='ocrx_word' id='word_1_251' title='bbox 504 3810 641 3881; x_wconf 88' lang='lat' dir='ltr'><strong>Domine,</strong></span> <span class='ocrx_word' id='word_1_252' title='bbox 671 3829 846 3884; x_wconf 75' lang='lat' dir='ltr'><strong>quaesumus,</strong></span> <span class='ocrx_word' id='word_1_253' title='bbox 875 3809 1011 3868; x_wconf 84' lang='lat' dir='ltr'><strong>sacrificii</strong></span> <span class='ocrx_word' id='word_1_254' title='bbox 1029 3812 1181 3887; x_wconf 84' lang='lat' dir='ltr'><strong>proesentis</strong></span> <span class='ocrx_word' id='word_1_255' title='bbox 1209 3813 1339 3888; x_wconf 73' lang='lat' dir='ltr'><strong>obluti05</strong></span> 
     </span>
     <span class='ocr_line' id='line_1_40' title="bbox 134 3891 1339 3972; baseline 0.007 -26"><span class='ocrx_word' id='word_1_256' title='bbox 134 3909 201 3965; x_wconf 83' lang='lat' dir='ltr'><strong>quae</strong></span> <span class='ocrx_word' id='word_1_257' title='bbox 215 3909 269 3946; x_wconf 87' lang='lat' dir='ltr'><strong>nos</strong></span> <span class='ocrx_word' id='word_1_258' title='bbox 286 3895 316 3947; x_wconf 89' lang='lat' dir='ltr'><strong>et</strong></span> <span class='ocrx_word' id='word_1_259' title='bbox 337 3891 375 3947; x_wconf 85' lang='lat' dir='ltr'><strong>ab</strong></span> <span class='ocrx_word' id='word_1_260' title='bbox 393 3891 540 3947; x_wconf 87' lang='lat' dir='ltr'><strong>erroribus</strong></span> <span class='ocrx_word' id='word_1_261' title='bbox 560 3891 706 3948; x_wconf 88' lang='lat' dir='ltr'><strong>universis</strong></span> <span class='ocrx_word' id='word_1_262' title='bbox 728 3896 865 3966; x_wconf 89' lang='lat' dir='ltr'><strong>potenter</strong></span> <span class='ocrx_word' id='word_1_263' title='bbox 886 3891 1027 3962; x_wconf 82' lang='lat' dir='ltr'><strong>absolvet,</strong></span> <span class='ocrx_word' id='word_1_264' title='bbox 1043 3899 1073 3948; x_wconf 89' lang='lat' dir='ltr'><strong>et</strong></span> <span class='ocrx_word' id='word_1_265' title='bbox 1095 3893 1218 3950; x_wconf 82' lang='lat' dir='ltr'><strong>atotius</strong></span> <span class='ocrx_word' id='word_1_266' title='bbox 1231 3894 1339 3972; x_wconf 84' lang='lat' dir='ltr'><strong>eripiat</strong></span> 
     </span>
     <span class='ocr_line' id='line_1_41' title="bbox 136 3970 1335 4048; baseline 0.007 -21"><span class='ocrx_word' id='word_1_267' title='bbox 136 3970 310 4046; x_wconf 88' lang='lat' dir='ltr'><strong>perditionis</strong></span> <span class='ocrx_word' id='word_1_268' title='bbox 332 3971 451 4028; x_wconf 89' lang='lat' dir='ltr'><strong>incursu</strong></span> <span class='ocrx_word' id='word_1_269' title='bbox 462 3991 470 4043; x_wconf 91' lang='lat'>余</span> <span class='ocrx_word' id='word_1_270' title='bbox 498 3977 584 4027; x_wconf 91' lang='lat' dir='ltr'><strong>utet</strong></span> <span class='ocrx_word' id='word_1_271' title='bbox 605 3971 752 4044; x_wconf 80' lang='lat' dir='ltr'><strong>animulis,</strong></span> <span class='ocrx_word' id='word_1_272' title='bbox 775 3991 841 4047; x_wconf 84' lang='lat' dir='ltr'><strong>quse</strong></span> <span class='ocrx_word' id='word_1_273' title='bbox 864 3971 966 4029; x_wconf 83' lang='lat' dir='ltr'><strong>usibus</strong></span> <span class='ocrx_word' id='word_1_274' title='bbox 987 3973 1096 4030; x_wconf 86' lang='lat' dir='ltr'><strong>nostris</strong></span> <span class='ocrx_word' id='word_1_275' title='bbox 1117 3974 1259 4048; x_wconf 88' lang='lat' dir='ltr'><strong>serviunt,</strong></span> <span class='ocrx_word' id='word_1_276' title='bbox 1282 3981 1335 4035; x_wconf 84' lang='lat' dir='ltr'><strong>tua</strong></span> 
     </span>
     <span class='ocr_line' id='line_1_42' title="bbox 135 4051 735 4126; baseline 0.003 -18"><span class='ocrx_word' id='word_1_277' title='bbox 135 4052 269 4126; x_wconf 85' lang='lat' dir='ltr'><strong>potentia</strong></span> <span class='ocrx_word' id='word_1_278' title='bbox 282 4052 453 4109; x_wconf 77' lang='lat' dir='ltr'><strong>liberentur,</strong></span> <span class='ocrx_word' id='word_1_279' title='bbox 497 4051 555 4108; x_wconf 91' lang='lat' dir='ltr'><strong>Per</strong></span> <span class='ocrx_word' id='word_1_280' title='bbox 566 4051 735 4110; x_wconf 84' lang='lat' dir='ltr'><strong>Dominum.</strong></span> 
     </span>
    </p>

    <p class='ocr_par' dir='ltr' id='par_1_22' title="bbox 195 4133 438 4190">
     <span class='ocr_line' id='line_1_43' title="bbox 195 4133 438 4190; baseline 0.004 -1"><span class='ocrx_word' id='word_1_281' title='bbox 195 4133 438 4190; x_wconf 80' lang='lat' dir='ltr'><strong>Postcommunio.</strong></span> 
     </span>
    </p>

    <p class='ocr_par' dir='ltr' id='par_1_23' title="bbox 133 4213 1337 4533">
     <span class='ocr_line' id='line_1_44' title="bbox 195 4213 1337 4291; baseline 0.008 -21"><span class='ocrx_word' id='word_1_282' title='bbox 195 4213 320 4284; x_wconf 88' lang='lat' dir='ltr'><strong>Averte,</strong></span> <span class='ocrx_word' id='word_1_283' title='bbox 337 4214 473 4283; x_wconf 88' lang='lat' dir='ltr'><strong>Domine,</strong></span> <span class='ocrx_word' id='word_1_284' title='bbox 489 4231 664 4288; x_wconf 76' lang='lat' dir='ltr'><strong>quaesumus,</strong></span> <span class='ocrx_word' id='word_1_285' title='bbox 679 4233 732 4290; x_wconf 87' lang='lat' dir='ltr'><strong>per</strong></span> <span class='ocrx_word' id='word_1_286' title='bbox 751 4213 813 4271; x_wconf 86' lang='lat' dir='ltr'><strong>haec</strong></span> <span class='ocrx_word' id='word_1_287' title='bbox 835 4219 936 4270; x_wconf 79' lang='lat' dir='ltr'><strong>sancta</strong></span> <span class='ocrx_word' id='word_1_288' title='bbox 956 4232 1021 4290; x_wconf 84' lang='lat' dir='ltr'><strong>quse</strong></span> <span class='ocrx_word' id='word_1_289' title='bbox 1040 4216 1226 4291; x_wconf 86' lang='lat' dir='ltr'><strong>sumpsimus,</strong></span> <span class='ocrx_word' id='word_1_290' title='bbox 1242 4220 1337 4279; x_wconf 82' lang='lat' dir='ltr'><strong>etuis</strong></span> 
     </span>
     <span class='ocr_line' id='line_1_45' title="bbox 135 4293 1337 4376; baseline 0.006 -28"><span class='ocrx_word' id='word_1_291' title='bbox 135 4293 271 4354; x_wconf 87' lang='lat' dir='ltr'><strong>fidelibus</strong></span> <span class='ocrx_word' id='word_1_292' title='bbox 285 4302 405 4352; x_wconf 88' lang='lat' dir='ltr'><strong>cunctos</strong></span> <span class='ocrx_word' id='word_1_293' title='bbox 418 4294 574 4350; x_wconf 87' lang='lat' dir='ltr'><strong>miseratus</strong></span> <span class='ocrx_word' id='word_1_294' title='bbox 588 4312 699 4351; x_wconf 89' lang='lat' dir='ltr'><strong>errores</strong></span> <span class='ocrx_word' id='word_1_295' title='bbox 704 4314 713 4366; x_wconf 79' lang='lat'>3</span> <span class='ocrx_word' id='word_1_296' title='bbox 732 4300 763 4352; x_wconf 89' lang='lat' dir='ltr'><strong>et</strong></span> <span class='ocrx_word' id='word_1_297' title='bbox 777 4293 964 4352; x_wconf 84' lang='lat' dir='ltr'><strong>saevientium</strong></span> <span class='ocrx_word' id='word_1_298' title='bbox 977 4294 1155 4368; x_wconf 87' lang='lat' dir='ltr'><strong>morborum,</strong></span> <span class='ocrx_word' id='word_1_299' title='bbox 1168 4317 1233 4373; x_wconf 86' lang='lat' dir='ltr'><strong>quse</strong></span> <span class='ocrx_word' id='word_1_300' title='bbox 1243 4319 1337 4376; x_wconf 79' lang='lat' dir='ltr'><strong>grass-</strong></span> 
     </span>
     <span class='ocr_line' id='line_1_46' title="bbox 133 4373 1333 4458; baseline 0.01 -28"><span class='ocrx_word' id='word_1_301' title='bbox 133 4381 204 4431; x_wconf 86' lang='lat' dir='ltr'><strong>atur</strong></span> <span class='ocrx_word' id='word_1_302' title='bbox 221 4375 253 4431; x_wconf 91' lang='lat' dir='ltr'><strong>in</strong></span> <span class='ocrx_word' id='word_1_303' title='bbox 268 4375 416 4445; x_wconf 83' lang='lat' dir='ltr'><strong>animalia,</strong></span> <span class='ocrx_word' id='word_1_304' title='bbox 432 4373 544 4450; x_wconf 86' lang='lat' dir='ltr'><strong>depelle</strong></span> <span class='ocrx_word' id='word_1_305' title='bbox 558 4373 717 4448; x_wconf 87' lang='lat' dir='ltr'><strong>perniciem</strong></span> <span class='ocrx_word' id='word_1_306' title='bbox 729 4394 737 4447; x_wconf 91' lang='lat'>余</span> <span class='ocrx_word' id='word_1_307' title='bbox 760 4380 794 4431; x_wconf 88' lang='lat' dir='ltr'><strong>ut</strong></span> <span class='ocrx_word' id='word_1_308' title='bbox 808 4393 881 4450; x_wconf 89' lang='lat' dir='ltr'><strong>quos</strong></span> <span class='ocrx_word' id='word_1_309' title='bbox 894 4392 947 4431; x_wconf 89' lang='lat' dir='ltr'><strong>suo</strong></span> <span class='ocrx_word' id='word_1_310' title='bbox 961 4374 1068 4434; x_wconf 86' lang='lat' dir='ltr'><strong>merito</strong></span> <span class='ocrx_word' id='word_1_311' title='bbox 1082 4376 1211 4454; x_wconf 79' lang='lat' dir='ltr'><strong>flagelles</strong></span> <span class='ocrx_word' id='word_1_312' title='bbox 1225 4379 1333 4458; x_wconf 84' lang='lat' dir='ltr'><strong>devios,</strong></span> 
     </span>
     <span class='ocr_line' id='line_1_47' title="bbox 134 4450 918 4533; baseline 0 -22"><span class='ocrx_word' id='word_1_313' title='bbox 134 4454 232 4514; x_wconf 82' lang='lat' dir='ltr'><strong>foveas</strong></span> <span class='ocrx_word' id='word_1_314' title='bbox 246 4462 300 4513; x_wconf 87' lang='lat' dir='ltr'><strong>tus</strong></span> <span class='ocrx_word' id='word_1_315' title='bbox 313 4454 500 4512; x_wconf 85' lang='lat' dir='ltr'><strong>miseratione</strong></span> <span class='ocrx_word' id='word_1_316' title='bbox 514 4459 664 4512; x_wconf 86' lang='lat' dir='ltr'><strong>correctos.</strong></span> <span class='ocrx_word' id='word_1_317' title='bbox 708 4450 918 4533; x_wconf 71' lang='lat' dir='ltr'><strong>Pes-Mss]</strong></span> 
     </span>
    </p>
   </div>
   <div class='ocr_carea' id='block_1_6' title="bbox 0 0 1478 5002">
    <p class='ocr_par' dir='ltr' id='par_1_24' title="bbox 0 0 1478 5002">
     <span class='ocr_line' id='line_1_48' title="bbox 0 0 1478 5002; baseline 0 0"><span class='ocrx_word' id='word_1_318' title='bbox 0 0 1478 5002; x_wconf 95' lang='lat' dir='ltr'><strong> </strong></span> 
     </span>
    </p>
   </div>
  </div>
 </body>
</html>
