2946 5002
309 315 430 436 timot
447 367 554 454 Offices
570 368 664 454 from
679 367 728 434 tlte
742 369 879 455 Banpor
892 365 1081 455 Pontifical.
1222 366 1285 433 325

677 833 702 889 Ι.

176 970 364 1029 Beunmcrro
385 970 597 1030 Olunrmnuu
619 987 651 1028 ru
673 969 917 1048 Punrrrcsnorn
938 970 1064 1030 Seuere
1084 970 1209 1030 Mnmn

159 1091 266 1151 Oratio.

158 1173 294 1246 Benedic,
314 1174 441 1233 Domine
458 1174 480 1233 J
481 1194 533 1232 esu
554 1172 769 1246 obsistebant
786 1180 950 1232 ereaturam
967 1193 1039 1232 certe
1056 1172 1288 1251 supplicantibus

96 1254 190 1327 nobis,
203 1260 233 1311 et
249 1255 373 1313 infunde
386 1255 414 1312 ei
431 1275 484 1332 per
499 1255 643 1314 virtutem
656 1260 763 1312 senctae
776 1255 869 1312 crucis
882 1255 1113 1313 benedictionem
1125 1255 1289 1328 caelestem;

98 1341 134 1392 ut
149 1335 201 1413 qui
214 1354 278 1392 cem
291 1335 330 1393 ed
342 1336 523 1413 repellendas
535 1336 671 1394 tenebras
685 1335 814 1392 humeno
827 1336 928 1412 generi
940 1336 1080 1408 tribuisti,
1091 1334 1182 1394 telem
1195 1336 1290 1412 signs-

95 1415 164 1474 culo
176 1421 283 1474 senctae
296 1417 390 1475 crucis
403 1423 462 1474 tuae
475 1416 679 1474 fortitudinem
692 1422 723 1474 et
735 1416 970 1474 benedictionem
982 1417 1114 1493 accipiat,
1129 1422 1164 1474 ut
1177 1417 1209 1474 in
1227 1415 1290 1492 qui-

96 1497 267 1573 buscunque
277 1497 348 1556 locis
356 1517 477 1556 accensa
486 1498 548 1555 sive
556 1497 653 1574 posita
660 1497 758 1569 fuerit,
767 1496 897 1555 discedet
905 1497 1037 1555 diabolus
1047 1503 1077 1555 et
1085 1497 1289 1556 contremiscat

94 1583 127 1636 et
140 1576 235 1655 fugiet
248 1578 376 1654 pallidus
389 1599 457 1638 oum
470 1577 605 1637 omnibus
621 1577 764 1634 ministris
784 1577 844 1635 suis
857 1576 1139 1654 dehabitetionibus
1151 1577 1220 1651 illis,
1234 1595 1288 1636 nec

95 1664 253 1736 praesnmst
265 1659 391 1735 amplius
404 1659 569 1735 inquietare
582 1658 743 1716 servientes
755 1657 819 1716 tibi
863 1657 922 1728 Qui
935 1678 1001 1715 cum
1015 1658 1080 1716 Deo
1093 1658 1191 1716 Patre.

155 1751 228 1809 Atta
242 1751 351 1810 Oratio.
388 1751 523 1822 Domine,
537 1751 643 1810 Sancte
656 1750 755 1820 Pater,
766 1759 793 1808 et
803 1750 951 1827 cetera(at
962 1771 1062 1827 snpra,
1072 1751 1128 1808 vol.
1139 1751 1168 1808 ii
1181 1770 1208 1826 p.
1222 1751 1259 1810 17
1259 1750 1285 1830 )

157 1832 229 1890 Atra
244 1831 352 1892 Oranb.
1264 1840 1267 1846 '
1294 1881 1297 1887 .

156 1912 351 1989 Omnipotens
377 1913 554 1989 sempiterne
578 1911 668 1982 Deus,
694 1910 746 1987 qui
773 1910 914 1970 hodierne
934 1912 982 1970 die
1005 1912 1038 1969 in
1060 1917 1168 1970 nostrse
1192 1910 1287 1970 cernis

95 1993 270 2066 substantia,
285 2002 312 2052 et
324 2002 414 2052 cetera
427 1994 478 2071 (nt
491 2014 591 2070 snpra,
606 1992 663 2051 vol.
679 1992 709 2049 ii.
725 2011 752 2068 p.
770 1991 833 2070 18).

159 2075 242 2132 Pane
252 2084 444 2150 asperyanterr
454 2093 533 2150 aqna
541 2073 693 2144 benedicta,
705 2081 730 2131 et
745 2072 827 2131 tltare
837 2073 1017 2146 adoleantwr,
1027 2073 1266 2133 atillaminentar

96 2164 123 2213 et
146 2155 264 2213 interim
284 2165 410 2214 eareamr
429 2153 607 2232 Amr'pbona,
629 2154 743 2212 Lumen
769 2153 808 2211 ed
833 2154 1051 2229 revelationem,
1074 2165 1099 2214 et
1123 2163 1214 2214 cetera
1235 2155 1289 2231 (ar

96 2255 133 2292 sa
168 2256 188 2293 a
201 2236 307 2294 ibidem
323 2280 330 2295 .

127 2234 335 2393 prrintrpioni.
377 2316 467 2375 Nunc
480 2317 614 2388 dimittis,
629 2324 656 2373 et
669 2324 758 2372 cetera
772 2313 928 2392 (utsupra
940 2315 1072 2394 didam).

157 2396 228 2455 Atia
247 2395 423 2473 Antiphone.
467 2399 546 2455 Puer
567 2398 656 2457 Jesus
675 2395 846 2472 proficiebat
865 2402 952 2455 eetete
973 2404 1003 2456 et
1024 2396 1170 2474 sapientia
1188 2414 1286 2455 comm

98 2476 163 2535 Deo
175 2483 206 2535 et
219 2476 396 2536 hominibus.

155 2557 226 2617 Post
235 2558 286 2617 tec
298 2559 444 2635 accipiant
457 2577 554 2619 armies
566 2557 694 2636 sinqalm
705 2575 795 2616 cereos
806 2557 947 2618 de‘mann
956 2557 1109 2634 Pactificis
1117 2556 1162 2618 ret
1173 2556 1288 2632 aditui,

95 2648 124 2698 et
137 2639 255 2697 dieatar
266 2638 367 2699 Oratio
379 2640 459 2699 laec:

157 2719 352 2797 Omnipotens
369 2721 545 2797 sempiterne
562 2721 652 2795 Deus,
671 2724 723 2799 qui
746 2721 933 2800 unigenitum
946 2726 1040 2779 'tuum
1063 2725 1133 2778 ente
1156 2724 1290 2796 tempore

97 2801 134 2858 de
156 2805 187 2858 te
206 2800 341 2878 genitum
361 2801 412 2860 sed
431 2802 634 2879 temporaliter
660 2804 696 2862 de
715 2803 814 2862 Muris
833 2801 949 2878 virgine
969 2799 1163 2874 incarnatum,
1185 2800 1287 2858 lumer.

96 2901 199 2939 verum
227 2886 257 2940 et
277 2881 446 2940 indeficiens
472 2882 510 2940 ed
533 2883 718 2959 depellendas
743 2883 867 2942 humani
892 2882 1006 2959 generis
1032 2882 1168 2940 tenebras
1194 2886 1225 2939 et
1251 2879 1290 2940 ed

95 2962 311 3022 incendendum
328 2963 428 3020 lumen
446 2963 514 3021 fidei
532 2969 562 3020 et
579 2965 715 3025 veritatis
732 2965 840 3024 misisti
852 2964 885 3022 in
898 2963 1041 3022 mundum
1050 2983 1059 3036 ;
1079 2962 1203 3021 concede
1222 2979 1289 3039 pro-

95 3043 195 3119 pitius,
217 3049 253 3101 ut
276 3043 352 3101 sicut
379 3044 510 3102 exterius
537 3047 687 3122 corporali,
712 3047 757 3104 ite
784 3046 874 3104 etiam
900 3045 1025 3102 interius
1051 3043 1115 3102 luce
1142 3032 1290 3119 spirituali

95 3123 231 3181 irmdinri
244 3144 415 3182 mereamur.
457 3124 517 3182 Per
528 3126 661 3184 eundem.
1274 3128 1277 3135 '

156 3216 223 3274 Hac
245 3217 383 3276 Oratione
399 3217 508 3293 expleta
524 3217 701 3278 circumeant
720 3220 878 3278 Ecclesiam
891 3219 1037 3277 tardando
1049 3215 1236 3292 Amiqtdonas
1247 3214 1289 3275 ad

93 3295 171 3355 diem
179 3297 361 3373 pertinentes.
405 3295 482 3358 Cam
495 3308 592 3357 autem
604 3301 638 3357 in
653 3299 782 3358 Ultorem
794 3299 941 3369 redierint,
955 3299 1072 3357 dicatur
1090 3297 1211 3357 Versus:

155 3377 249 3435 Beata
261 3384 296 3435 tu
309 3378 342 3434 in
355 3377 536 3436 mulieribus.

156 3459 252 3534 Kyrie
265 3458 391 3535 eleyson.
434 3459 551 3517 Christe
564 3460 689 3537 eleyson.
733 3461 829 3538 Kyrie
842 3461 968 3538 eleyson.

156 3538 247 3597 Peter
259 3546 367 3599 noster.
408 3539 450 3597 Et
463 3559 574 3598 nenos.

155 3619 226 3678 Post
239 3620 330 3679 Pater
341 3625 449 3693 noster,
464 3619 609 3680 Dominus
622 3623 783 3681 vobiscum.
1216 3695 1218 3698 Ι

154 3700 265 3760 Oratio.
308 3701 434 3774 Exaudi,
449 3720 624 3777 quaesumus,
639 3713 665 3762 et
678 3713 768 3763 cetera
780 3707 833 3781 (nt
845 3721 945 3780 snpra,
959 3701 1015 3761 vol.
1031 3700 1061 3758 ii.
1077 3719 1104 3777 p.
1124 3699 1179 3778 19)

669 3958 713 4016 11.
774 4036 777 4044 .

243 4094 333 4151 Onne
353 4109 395 4150 sn
416 4093 555 4151 Dsunsu
577 4093 799 4152 Peneum
821 4109 853 4150 ru
874 4092 995 4153 Osrrrn.
1008 4093 1142 4152 Jmuun.

156 4235 234 4294 Cam
247 4237 354 4295 uerterit
368 4238 512 4312 penitens
528 4237 571 4295 ad
588 4237 774 4310 Sacerdotem,
785 4237 884 4313 primo
897 4236 1069 4313 inquiraterr
1081 4239 1117 4296 de
1123 4237 1250 4314 peccatis
1262 4245 1290 4298 et

94 4317 264 4375 credulitate
283 4327 385 4376 suaet
406 4319 432 4376 si
451 4319 514 4376 mdt
534 4319 678 4377 dimittere
697 4317 758 4376 iltis
778 4319 830 4394 qni
849 4319 884 4376 in
902 4338 930 4376 se
944 4326 1141 4394 peccmennt.
1184 4318 1288 4377 Postea

85 4396 189 4473 saciat
205 4417 318 4473 param
341 4398 564 4474 consessionem:
592 4399 695 4458 deinde
714 4407 881 4476 praetentat
900 4417 929 4458 se
948 4399 983 4456 in
1003 4407 1119 4458 terram
1160 4397 1218 4458 Sed
1237 4397 1290 4459 doe

93 4479 244 4538 rciatdnm
266 4488 315 4552 est,
341 4489 375 4538 nt
399 4501 464 4539 cnm
487 4480 616 4539 venerint
639 4481 713 4540 cerci
737 4478 782 4539 rel
802 4478 915 4540 annila
940 4480 981 4538 ad
1002 4477 1204 4560 penitentiam
1229 4496 1290 4540 non
