2946 5002
577 362 673 429 Festo
694 361 797 429 Jcttt.
1241 368 1282 432 65

140 601 270 662 smus
290 601 505 676 Maianis,
527 619 666 662 vitonus
687 619 725 660 nr
745 619 906 665 usnrrms.
950 604 1025 685 (xiii.
1048 605 1118 664 Kal.
1141 605 1234 685 Aug.)

148 761 289 837 Officium.
332 761 495 839 Loquebar.

10 880 12 889 ·
148 842 257 902 Oraia
357 866 359 870 ⁴

49 972 55 983 .
146 923 237 996 Deus,
252 923 305 1000 qui
318 924 435 981 beatem
448 923 649 1000 Margaretam
662 922 808 1000 virginem
821 929 905 982 tuam
918 923 1062 983 hodierna
1078 925 1125 984 die
1143 926 1181 985 ad
1198 929 1283 986 caelos

86 1023 139 1080 per
151 1005 287 1082 martyrii
300 1004 427 1081 palmam
443 1005 544 1062 venire
561 1005 675 1078 fecisti,
704 1004 828 1062 concede
850 1005 945 1078 nobis,
968 1025 1142 1082 quaesumus,
1160 1013 1197 1066 ut
1217 1009 1282 1084 ejus

87 1085 221 1161 exempla
234 1091 398 1161 sequentes,
413 1085 450 1142 ad
464 1092 495 1143 te
508 1086 662 1162 pervenire
675 1104 846 1144 mereamur.
890 1085 949 1145 Per
961 1087 1131 1147 Dominum.

146 1165 289 1242 Epistol.
333 1166 393 1236 Qui
412 1167 565 1243 gloriatur.

149 1245 282 1305 Grudala
323 1245 427 1323 ¹Specie
446 1253 506 1306 tua.

145 1327 294 1405 Alleluya.
343 1327 533 1386 lKAEmulor
553 1327 640 1385 enim.

145 1406 310 1483 Sequentia.
353 1408 554 1478 Exsultemus,
576 1417 611 1466 ut
630 1408 664 1465 irc
685 1407 850 1466 Ooucmuai.

144 1487 347 1564 Ecurrpelc’am.
390 1489 493 1547 Simile
513 1495 558 1547 est
578 1509 701 1565 reguum
722 1490 859 1548 caelorum
879 1490 1024 1548 thesaure.

147 1569 339 1644 offertorium.
382 1569 467 1628 Filiae
487 1590 598 1647 regum.

145 1649 265 1709 Secreta.

146 1730 220 1789 Haec
241 1731 392 1802 munera*
410 1731 547 1803 Domine,
570 1751 744 1808 quaesumus,
767 1751 820 1807 pro
842 1733 936 1790 beatae
957 1731 1082 1808 virginis
1104 1732 1280 1810 Margaretae

84 1813 223 1888 martyris
240 1812 348 1883 oblata,
366 1818 397 1870 et
414 1813 559 1869 mentium
579 1813 665 1870 nobis
688 1813 875 1870 sanctitatem
898 1820 928 1870 et
950 1832 1104 1888 corporum
1127 1816 1279 1875 obtineant

84 1893 278 1952 sanctitatem.
320 1893 379 1950 Per
398 1892 570 1952 Dominum.
1143 1889 1146 1894 ‘

145 1972 325 2040 Communia.
369 1974 485 2030 Diffusa
505 1979 556 2030 est.

144 2053 386 2113 Postcommuuio.

144 2135 254 2210 Hujus,
269 2135 407 2206 Domine,
422 2134 597 2192 sacramenti
609 2133 795 2212 perceptione
808 2138 840 2192 et
853 2135 946 2193 beatae
961 2135 1137 2212 Margaretae
1154 2136 1279 2214 virginis

84 2219 142 2272 tuae
163 2215 371 2274 intercessione
393 2221 427 2272 tu
449 2216 482 2272 in
505 2216 590 2272 nobis
613 2235 732 2274 manere
759 2215 889 2294 dignare,
915 2222 945 2274 et
968 2236 1022 2274 nos
1041 2217 1074 2274 in
1095 2223 1127 2276 te
1148 2218 1278 2276 vicissim

84 2314 199 2355 manere
213 2297 343 2356 concede
387 2296 453 2354 Per.

155 2575 283 2635 Sauone
302 2574 471 2647 Pnnxnnrs,
492 2589 630 2632 uacuus
650 2589 713 2633 rou
734 2590 895 2632 murrinis.
939 2574 1003 2651 (xii.
1027 2574 1096 2632 Kal.
1118 2574 1212 2654 Aug.)

142 2739 281 2815 Officium.
324 2736 469 2795 Dilexisti
484 2736 643 2812 justitiam.

143 2819 252 2879 Oratis.

42 2958 45 2965 Δ
140 2901 196 2974 Da,
220 2918 396 2978 quaesumus,
419 2898 604 2974 omnipotens
628 2898 719 2971 Deus,
742 2905 778 2957 ut
801 2899 853 2977 qui
872 2900 965 2958 beatae
986 2900 1131 2960 Praxedis
1151 2904 1277 2982 virginis

77 2990 137 3040 tuae
150 2982 288 3047 natalitia
301 2980 431 3052 colimus,
447 2979 524 3036 sieut
537 2999 636 3036 annua
649 2980 847 3039 sollemnitate
863 2981 1006 3055 laetamur,
1023 2983 1064 3042 sic
1082 2989 1174 3042 tantae
1195 2986 1278 3045 illius

78 3064 148 3123 fidei
160 3063 346 3139 proficiamus
359 3060 500 3136 exemplo.
544 3059 610 3117 Per.

139 3143 280 3220 Epistola.
323 3141 475 3218 Sapientia
494 3140 589 3197 vincit
608 3140 761 3200 malitiam.

141 3224 275 3283 Gradal.
318 3221 460 3280 Dilexisti
475 3221 634 3300 justitiam.

138 3305 288 3381 Alleluya.
337 3303 366 3361 V.
390 3303 491 3379 Specie
511 3309 594 3359 tuat

136 3385 336 3461 Ewupelium.
379 3384 482 3441 Simile
495 3388 540 3440 est
553 3402 676 3459 regnum
690 3382 827 3441 caelorum
840 3384 939 3442 decem
952 3385 1125 3463 virginibus.

139 3467 331 3542 Offertorium.
374 3465 552 3535 Offerentur,
574 3464 680 3521 miuus.

137 3548 259 3607 Secreta.

138 3630 268 3705 Suscipe,
287 3646 462 3703 quaesumus,
483 3625 619 3698 Domine,
644 3626 682 3682 ob
695 3624 836 3684 honorem
854 3631 962 3685 sanctae
982 3627 1127 3686 Praxedis
1145 3627 1272 3704 virginis

76 3717 136 3769 tuae
159 3729 267 3768 munus
294 3709 435 3778 oblatum,
461 3712 491 3764 et
518 3707 597 3782 quod
623 3706 732 3764 nostris
758 3706 873 3783 assequi
899 3708 1013 3766 meritis
1039 3729 1100 3767 non
1126 3708 1269 3782 valemus,

75 3792 207 3868 ejusdem
219 3789 448 3866 suffiagantibus
461 3789 575 3845 meritis
587 3788 693 3863 largire
706 3787 858 3863 propitius.
901 3786 967 3845 Per.

137 3872 319 3932 Omrunuuio.
361 3868 463 3927 Simile
483 3874 528 3925 est
548 3887 678 3946 reguum

136 3951 397 4015 Poetcommuuic.†

136 4034 266 4105 Satiasti,
281 4032 418 4102 Domine,
432 4029 576 4087 familiam
589 4034 673 4088 tuam
688 4029 859 4087 muneribus
875 4030 981 4101 sacris3
1002 4030 1073 4104 ejus,
1090 4049 1265 4106 quaesumus,

75 4135 188 4192 semper
216 4113 434 4171 interventione
461 4131 515 4169 nos
542 4110 648 4185 refove,
673 4112 757 4186 cujus
783 4110 935 4169 sollemnia
961 4108 1147 4170 celebramus.
1209 4112 1268 4172 Per

76 4197 246 4255 Dominum.

134 4347 147 4372 ¹
162 4342 511 4391 MSS-Victima—obtineat

133 4422 147 4482 †
161 4420 215 4466 MS.
226 4421 376 4466 D.-Sancta
385 4423 428 4463 tua
437 4432 489 4474 uos,
500 4415 609 4472 Domino,
620 4427 763 4474 quesumus,
774 4416 863 4459 mnotoe
872 4409 988 4458 Pruxedis
1001 4411 1105 4471 virginis
1113 4421 1162 4464 ιω
1176 4419 1269 4469 mefitis

75 4481 265 4540 suffragantibus
273 4483 298 4525 et
307 4494 322 4524 a
333 4477 439 4538 peccatis
448 4475 560 4523 omnibus
569 4480 666 4531 exuent,
677 4473 741 4521 etad
751 4473 855 4518 celestia
864 4485 938 4530 regna
946 4469 1084 4528 perducant
1115 4477 1168 4524 Per.

132 4571 199 4616 vot.
214 4569 250 4612 Π.
640 4563 661 4606 P
