2946 5002
502 359 672 425 Missode
694 359 841 426 Nomine
861 361 951 457 jesu.
1106 447 1109 454 Ι
1195 399 1198 407 ·
1265 361 1329 430 217

135 546 229 599 onom,
248 531 280 584 et
300 545 387 584 omno
406 545 512 585 nomen
533 527 612 603 quod
632 527 804 585 nominatur
824 548 886 586 non
906 528 1001 586 solum
1022 528 1055 585 in
1076 527 1132 586 hoc
1153 527 1257 585 saeculo
1280 524 1331 584 sed

136 609 225 666 etiam
239 607 273 663 in
286 607 396 680 futuro,
412 613 443 666 et
456 608 555 664 omnis
568 609 693 683 subjecit
706 609 761 666 sub
774 609 899 685 pedibus
911 611 983 686 ejus.

141 688 170 748 V.
196 688 320 765 Adjuvs
332 707 394 760 nos,
410 688 492 747 Deus
505 688 643 746 salutans
663 696 780 748 noster:
801 696 833 748 et
848 697 969 768 proptor
987 688 1112 766 gloriam
1131 689 1261 746 nominis
1275 688 1331 760 tui,

136 769 272 842 Domine,
295 768 389 827 libera
409 789 471 842 nos,
494 775 525 826 et
544 770 692 846 propitius
714 777 776 828 osto
797 772 924 846 peooatis
947 771 1056 828 nostris
1082 775 1203 847 propter
1225 788 1333 826 nomen

136 857 344 1008 tumiiiloluys.
393 930 423 990 V.
446 929 550 988 Dulcis
563 951 671 989 nomon
684 932 706 990 J
707 951 768 1005 esu,

445 1011 542 1069 Melos
555 1012 630 1083 auri,
646 1013 704 1070 mel
717 1014 751 1070 in
764 1033 825 1088 esu,

446 1090 505 1149 Gor
518 1093 610 1150 vertit
622 1094 656 1149 in
664 1094 804 1170 jubilum,

446 1172 488 1232 Et
501 1172 586 1250 fugat
598 1174 704 1233 mundi
717 1175 844 1234 sibilum

197 1277 239 1336 Iu
247 1284 370 1355 tempore
383 1277 530 1336 Pasohuli.

101 1387 102 1391 ¹
198 1359 348 1436 Alleluya,
376 1358 405 1418 V.
432 1358 562 1436 Surgens
575 1359 598 1418 J
598 1380 663 1420 esus
678 1361 824 1420 Dominus
841 1367 943 1419 nostor
954 1360 1040 1420 stetit
1053 1360 1086 1418 in
1099 1359 1195 1417 modio
1209 1357 1336 1434 discipu-

138 1442 235 1501 lorum
248 1459 386 1499 suorum:
406 1444 438 1498 et
450 1440 538 1515 dixit,
552 1440 619 1499 Pax
631 1443 722 1500 vobis.

200 1544 362 1621 Sequentia.

129 1652 132 1659 ·
438 1626 543 1685 Dulcis
556 1626 579 1684 J
580 1647 645 1685 esus
658 1627 839 1699 Nazarenus

479 1707 501 1764 J
502 1707 653 1765 udaeorum
666 1729 720 1766 rex
733 1728 873 1782 amoenus,

480 1787 562 1860 Pius,
576 1789 705 1864 pulcher,
720 1790 861 1863 floridus3

441 1868 501 1927 Pro
513 1869 610 1927 salute
623 1889 683 1927 suae
695 1871 793 1947 gentis

481 1949 571 2008 Subit
583 1957 709 2008 mortem
722 1971 791 2009 cum
803 1951 969 2026 tormentis,

481 2029 591 2088 Factus
604 2031 725 2108 pollens,
740 2031 859 2090 lividus.

442 2111 538 2169 Dulce
551 2131 659 2170 nomen
672 2121 703 2170 et
717 2132 897 2191 cognomen3

482 2191 552 2250 Hoo
565 2194 774 2251 transcendens
788 2201 832 2251 est
845 2213 1014 2272 praenomon

484 2273 632 2331 Omnibus
645 2275 815 2333 nominibus
825 2296 835 2348 3

443 2353 560 2411 Muloet
572 2354 657 2426 foros,
672 2361 759 2413 sanat
771 2375 846 2426 roos,

484 2434 581 2492 Fovet
593 2434 694 2507 bonos,
708 2437 807 2494 munit
821 2456 878 2510 eos,

486 2514 592 2572 Servat
605 2515 643 2572 ab
656 2515 824 2576 insultibus.

445 2595 547 2671 Hujus
561 2595 637 2672 rogis
650 2597 705 2654 sub
718 2597 836 2670 vexill0,

486 2676 575 2734 Statu
588 2676 669 2753 degis
682 2677 714 2734 in
729 2678 899 2755 tranquillo

485 2756 599 2815 Hostes
611 2759 659 2816 tui
671 2758 810 2835 fugiunt3

446 2836 563 2895 Nomen
579 2839 642 2914 ejus
655 2839 833 2898 meditatum

487 2918 566 2976 Belli
577 2918 662 2996 fugat
674 2928 858 2997 apparatum,
920 2941 922 2946 ·

487 2998 599 3056 Hostes
612 3000 685 3057 victi
698 3003 828 3079 rugiunt.

447 3085 516 3143 Hoc
530 3091 575 3142 ost
587 3105 695 3143 nomen
708 3088 904 3163 recolendum,

489 3165 567 3234 Quia
579 3185 692 3242 semper
706 3174 751 3224 est
764 3170 950 3228 tremendum

488 3245 631 3322 Malignis
645 3247 805 3322 spiritibus.

449 3331 518 3390 Hoc
532 3336 577 3388 est
589 3350 699 3388 nomen
712 3332 849 3405 salutare,

489 3411 531 3469 Es
544 3411 675 3468 solamen
687 3411 837 3489 singulare

490 3492 577 3562 Quod
591 3493 737 3551 succurrit
751 3495 896 3555 tristibus.

449 3579 518 3639 Hoc
531 3598 585 3637 nos
598 3579 685 3638 decet‘
696 3579 848 3654 honorare,

489 3661 571 3720 Arca
584 3661 679 3719 cordis
692 3661 830 3737 insonare,

490 3742 637 3819 cogitare,
652 3762 813 3818 peramans,

490 3824 604 3880 Amore
618 3824 669 3881 sed
683 3824 807 3884 heroico.

452 3908 590 3988 Ignatius
602 3910 658 3968 hoo
671 3910 780 3983 docuit,

492 3988 575 4046 Illud
588 4010 690 4068 passus
702 3992 843 4065 insonuit,

494 4067 554 4126 Oor
566 4071 630 4144 ejus
644 4072 765 4130 scissum
779 4072 878 4148 patuit

495 4148 678 4227 Inscriptum
690 4153 765 4212 Josu
778 4153 884 4211 oaelioo.

456 4235 504 4295 Ut
517 4235 589 4312 quid
601 4237 714 4312 majora
727 4241 869 4315 cupimus,

497 4316 594 4386 Quam
608 4317 686 4392 quod
699 4318 721 4377 J
722 4339 788 4377 esus
801 4319 841 4376 sit
853 4316 986 4390 intimus,-

497 4396 558 4467 Qui
570 4401 615 4454 est
628 4398 915 4472 praeamuntissimus,

496 4478 538 4536 Es
551 4476 660 4554 quoerit
671 4497 726 4537 nos
738 4497 844 4538 amare.
