2946 5002
144 369 206 432 142
406 367 455 431 Ia
470 362 592 430 Natali
609 363 846 450 plurimorum
860 362 1064 450 Mastyawm.

204 533 228 591 0
250 531 397 590 arterium.

201 531 303 671 Giris
326 618 357 669 et
379 612 490 669 honore
511 611 658 669 coronasti
682 630 750 668 eum
760 631 769 684 3
794 617 825 670 et
844 610 1026 669 eonstituisti
1046 630 1114 668 eum
1134 628 1223 685 super
1247 627 1338 686 opera

141 713 284 752 manuum
297 698 428 764 tuarum,
441 693 577 750 Domine.

200 773 376 911 {reddidisse
397 853 515 926 nostris,
544 872 720 929 quaesumus,
745 852 884 923 Domine,
908 851 1101 928 precibusque
1122 851 1273 927 suseeptis,
1306 857 1338 909 et

140 935 304 993 caelestibus
324 953 378 992 nos
400 934 511 992 munda
530 934 687 1009 mysteriis,
704 939 734 990 et
753 933 954 991 intercedente
967 933 1055 991 beato
1068 932 1107 991 N.
1122 939 1256 1008 martyre
1270 937 1334 1005 tuo,

141 1015 299 1073 elementer
312 1015 427 1075 exaudi
470 1015 529 1072 Per
543 1014 712 1072 Dominum

202 1105 358 1201 [Praesatio
376 1107 461 1165 nullo
481 1107 542 1164 nisi
565 1105 736 1164 Garamante
756 1105 902 1164 dicutur
888 1126 923 1164 ea
936 1104 1019 1164 Festo
1039 1114 1213 1180 martyrum,
1228 1105 1337 1180 conses-

140 1208 247 1261 eorum,
281 1188 439 1263 virgiuum,
473 1187 518 1245 ool
555 1196 768 1259 matronarum,
802 1187 864 1244 aiei
894 1185 993 1262 faerit
1031 1186 1131 1262 qratia
1164 1185 1336 1262 reliqueram

142 1268 324 1327 Oetaeuram.
328 1269 434 1328 -ΜΒ,
451 1265 502 1347 G]

201 1361 382 1420 Communia.

199 1442 311 1518 Magna
325 1449 369 1499 est
381 1440 476 1517 gloria
496 1439 560 1516 ejus
581 1439 615 1496 in
635 1440 758 1498 salutari
774 1446 845 1498 tuo:
864 1440 989 1516 gloriam
1002 1447 1034 1499 et
1045 1459 1187 1517 magnum
1199 1440 1335 1500 deeorem

139 1522 272 1600 impones
286 1541 463 1598 supereum,
478 1520 613 1578 Domine.

199 1602 241 1660 Ia
255 1613 376 1682 tempore
391 1601 537 1674 Pesoloale',
552 1601 702 1678 Alleluya,
716 1601 851 1678 alleluya.

201 1683 383 1743 Communia.

200 1764 340 1836 Posuisti,
356 1763 491 1835 Domine,
506 1763 539 1821 in
553 1763 648 1838 capite
662 1764 726 1839 ejus
739 1782 877 1820 eoronam
889 1762 926 1821 de
938 1761 1036 1841 lapide
1048 1762 1184 1839 pretioso.

199 1843 243 1902 In
256 1854 377 1920 tompore
390 1845 537 1917 Pasekala',
552 1844 701 1920 Alleluya
716 1843 849 1921 alleluya

201 1924 382 1985 Omnmunio.

200 2006 260 2076 Qui
280 2007 348 2064 vult
370 2012 437 2082 post
458 2026 505 2064 me
526 2005 636 2080 venire,
658 2006 784 2083 abneget
804 2004 1009 2081 semetipsum:
1046 2011 1077 2063 et
1107 2004 1195 2063 tollat
1217 2023 1333 2065 orueem

140 2106 232 2160 suam,
247 2093 278 2145 et
292 2093 433 2163 sequatur
445 2107 500 2144 me.

198 2167 239 2226 Ire
253 2176 376 2244 tempore
388 2166 533 2238 Posohols',
548 2165 697 2243 Alleluya,
713 2165 848 2243 alleluya

200 2247 382 2306 Commetare.

199 2329 260 2398 Qui
280 2328 355 2385 mihi
375 2327 525 2385 ministrat
546 2346 593 2384 me
615 2332 763 2404 sequatur,
778 2333 810 2385 et
828 2327 882 2385 ubi
901 2346 956 2405 ego
975 2346 1049 2400 sum,
1064 2327 1125 2384 illie
1145 2333 1177 2386 et
1195 2327 1334 2387 minister

138 2428 221 2467 meus
234 2409 300 2466 erit

198 2490 439 2548 Postoommaaio.

199 2570 256 2643 Da,
272 2590 446 2647 quaesumus,
462 2570 591 2628 Domine
615 2569 698 2627 Deus
720 2534 827 2643 noster,
842 2576 878 2627 ut
891 2570 968 2628 siout
987 2574 1108 2628 tuorum
1128 2588 1332 2629 commemora

136 2651 218 2709 tione
249 2658 418 2708 sanctorum
447 2651 603 2726 temporali
629 2650 814 2728 gratulamur
841 2651 944 2722 officio,
964 2651 1009 2709 ita
1030 2656 1172 2728 perpetuo
1195 2650 1332 2711 laetemur

138 2737 266 2807 aspectu.
309 2732 367 2789 Per
381 2733 552 2789 Dominum.

428 2977 468 3034 Iu
488 2977 611 3034 Narem
631 2992 833 3035 rnuaruonuu
853 2975 1042 3036 Manrrnun

199 3071 339 3147 Officium.

196 3153 407 3225 Clamavenmt
416 3154 501 3230 justi,
516 3159 547 3212 et
560 3154 706 3212 Dominus
723 3154 876 3213 exaudivit
889 3174 946 3227 eos,
961 3160 992 3213 et
1004 3174 1043 3212 ex
1056 3153 1193 3213 omnibus
1206 3155 1330 3214 tribula-

136 3234 267 3293 tionibus
281 3254 382 3292 eorum
396 3235 534 3292 liberavit
548 3255 603 3294 eos.

195 3315 237 3374 Ia
250 3324 372 3391 tempore
384 3315 532 3388 Paestali,
546 3316 695 3392 Alleluya

195 3395 342 3454 Psalmas.

82 3498 86 3506 ·
195 3477 374 3535 Benedicam
387 3476 555 3535 Dominum
564 3477 598 3535 in
606 3478 687 3536 omni
697 3482 845 3555 tempore.
838 3499 845 3513 ·
858 3497 974 3554 semper
984 3478 1051 3536 laus
1065 3478 1128 3555 ejus
1141 3478 1174 3535 in
1188 3497 1239 3537 ore
1251 3498 1325 3539 meo.

194 3569 291 3627 Altos
305 3569 447 3645 Officium.

192 3651 327 3709 Intret
318 3671 351 3708 1n
379 3656 536 3728 conspeetu
562 3656 625 3723 tuo,
655 3651 791 3722 Domine,
813 3652 941 3728 gemitus
960 3651 1214 3729 compeditorum
1237 3654 1327 3712 redde

133 3731 238 3790 vicinis
252 3732 360 3790 nostris
377 3730 567 3808 septuplum
558 3751 591 3788 1n
605 3730 673 3788 sinu
687 3750 805 3791 eorum·
829 3732 947 3791 vindiea
967 3733 1140 3810 sanguinem
1156 3728 1328 3793 sanctorum

134 3819 253 3870 tuorum
268 3833 320 3889 qu1
311 3813 442 3871 effusus
455 3818 507 3871 est.

193 3892 216 3950 I
213 3914 235 3950 a
250 3903 371 3969 tempora
384 3892 524 3970 Puselrali
511 3914 531 3963 a,
545 3891 694 3969 Alleluya
709 3892 843 3970 alleluya.

192 3985 340 4044 Psalmus.

193 4065 283 4139 Deus,
299 4071 445 4125 venerunt
466 4072 567 4143 gentes
589 4066 621 4124 in
646 4065 839 4125 hereditatem
862 4072 963 4126 tuam:
991 4066 1161 4144 polluerunt
1180 4069 1325 4146 templum

133 4152 267 4203 sanetum
280 4152 376 4220 tuum,
391 4153 553 4224 posuerunt
567 4147 758 4205 Hierusalem
770 4147 804 4204 in
816 4167 971 4226 pomorum
984 4149 1154 4208 custodiam.

191 4237 286 4296 Aliae
301 4237 441 4314 Officium

193 4318 375 4396 Sapientiam
398 4328 567 4379 sanctorum
593 4327 716 4380 narrant
742 4320 854 4397 populi,
880 4327 911 4380 et
933 4321 1052 4380 laudem
1078 4341 1180 4382 eorum
1203 4325 1325 4384 nuntiat

131 4397 267 4457 ecelesia:
288 4401 409 4458 nomina
422 4409 521 4459 autem
535 4421 637 4460 eorum
651 4402 755 4459 vivent
767 4402 800 4458 in
814 4403 953 4462 saeeulum
965 4401 1072 4462 saeculi

69 4476 71 4482 ’
190 4477 233 4538 In
246 4488 368 4556 tempore
380 4482 528 4556 Paschali,
542 4484 690 4559 Alleluya,
707 4481 840 4560 alleluya
