2946 5002
212 377 252 437 56
444 401 446 407 ,
693 374 789 452 Festo
810 374 839 437 J
840 373 925 438 unii.

270 540 416 598 Prolatus.

269 622 386 678 Bonum
401 627 445 679 est
459 622 592 679 confiteri
606 621 735 678 Domino
750 643 755 678 :
777 628 807 677 et
820 621 943 696 psallere
958 622 1147 694 nominituo,
1163 621 1314 680 altissime.

271 719 379 776 Oratio,

269 802 359 868 Deus,
388 801 440 875 qui
466 806 640 876 praesentem
668 801 745 857 diem
773 800 975 858 honorabilem
1000 801 1084 858 nobis
1105 802 1137 856 in
1158 801 1237 858 beati
1260 799 1409 858 dohannis

208 881 367 938 nativitate
381 882 498 952 fecisti3
522 882 559 937 cla
583 882 699 957 populis
720 882 781 937 tuis
805 881 1006 956 spiritualium
1029 883 1156 957 gratiam
1180 883 1363 957 gaudiorum,
1379 886 1409 937 61

208 961 340 1018 omnium
353 963 485 1019 fidelium
499 970 614 1019 mentes
624 963 718 1038 dirige
732 962 765 1018 in
778 962 858 1018 viam
872 962 976 1019 salutis
991 969 1114 1019 16161116.
1159 963 1224 1020 Ρ61.

268 1059 364 1116 Lectio
378 1060 476 1116 Esaia
490 1060 647 1134 Propheta.

268 1141 383 1198 Audite
410 1141 522 1212 insulae,
545 1148 575 1197 et
602 1141 756 1210 attendite,
779 1141 880 1216 populi
901 1141 936 1197 de
957 1141 1062 1217 longe:
1098 1142 1244 1198 Dominus
1265 1143 1408 1198 abutere

207 1223 326 1277 vocavit
348 1242 404 1294 1116,
430 1223 465 1278 116
489 1229 592 1278 ventre
614 1222 718 1278 matris
743 1242 814 1279 meae
839 1223 1009 1278 recordatus
1037 1229 1083 1278 est
1107 1223 1236 1279 nominis
1256 1222 1322 1279 mei.
1366 1223 1407 1278 Et

206 1302 306 1377 posuit
320 1322 352 1358 cs
365 1323 465 1359 meum
486 1303 561 1359 sicut
586 1303 717 1376 gladium
741 1309 878 1359 acutum:
901 1305 932 1358 in
953 1304 1058 1359 umbra
1079 1323 1183 1360 manus
1197 1323 1257 1359 suae
1271 1304 1404 1379 protexit

206 1402 263 1454 me,
278 1390 308 1439 et
321 1385 420 1458 posuit
444 1404 491 1440 me
515 1385 599 1459 quasi
623 1384 761 1459 sagittam
786 1384 916 1440 electam.
960 1383 998 1439 Iu
1019 1385 1158 1459 pharetra
1179 1405 1232 1441 sua
1252 1385 1407 1441 abscondit

206 1483 262 1534 me,
278 1471 308 1520 et
329 1465 407 1521 dixit
427 1464 519 1521 mihi:
548 1465 656 1520 Servus
670 1485 752 1521 meus
767 1485 797 1521 es
813 1471 857 1536 111,
873 1465 975 1536 Israel,
991 1466 1062 1540 quia
1077 1468 1107 1521 in
1122 1474 1152 1522 te
1167 1465 1321 1539 gloriabor.
1365 1466 1406 1521 Et

206 1564 285 1600 nune
299 1546 361 1601 11166
375 1546 448 1602 dicit
462 1546 618 1616 Dominus
634 1546 763 1602 formans
777 1566 824 1602 me
844 1567 882 1601 ex
902 1552 987 1602 utere
1008 1566 1126 1602 servum
1141 1547 1214 1603 sibi:
1237 1547 1316 1603 Dedi
1329 1552 1360 1603 te
1374 1547 1406 1601 in

204 1625 301 1682 lucem
325 1628 468 1702 gentium,
491 1633 525 1682 ut
550 1627 588 1682 sis
612 1627 691 1682 salus
712 1647 778 1683 mea
801 1647 893 1702 usque
918 1627 955 1682 ad
980 1633 1145 1683 extremum
1170 1634 1264 1684 terrae.
1297 1627 1405 1705 ‘Reges

204 1707 357 1778 videbunt,
378 1715 407 1764 et
426 1712 603 1782 consurgent
625 1708 781 1784 principes,
797 1714 828 1764 61
845 1709 1010 1765 adorabunt
1025 1709 1189 1765 Dominum
1204 1708 1303 1765 Deum
1316 1715 1404 1765 tuum

205 1793 236 1843 61
250 1787 392 1844 Sanctum
406 1789 507 1858 Israel,
519 1789 571 1864 qui
585 1789 674 1864 elegit
687 1795 725 1848 te.

268 1885 402 1942 Grctrlal.

265 1965 443 2042 Priusquam
462 1966 621 2023 formarem
641 1966 674 2021 in
695 1975 787 2037 utere,
802 1967 926 2042 cognovi
946 1973 994 2023 te:
1026 1973 1057 2024 et
1077 1972 1236 2041 antequam
1257 1967 1354 2024 exires
1368 1967 1404 2023 de

203 2053 315 2117 ventre,
331 2048 513 2104 sanctificavi
527 2054 564 2103 tc.

210 2128 237 2183 V.
262 2128 350 2184 Misit
363 2129 511 2184 Dominus
525 2147 646 2183 manum
660 2147 760 2183 suam:
784 2134 813 2183 et
827 2128 929 2203 tetigit
943 2148 975 2184 os
989 2148 1097 2199 meum,
1113 2134 1144 2185 61
1157 2128 1236 2184 dixit
1249 2128 1332 2184 mihi.

263 2208 411 2285 Alleluya.
461 2210 489 2266 V.
516 2208 602 2264 Inter
622 2215 707 2264 natos
731 2209 889 2265 mulierum
914 2229 974 2265 non
996 2211 1126 2266 surrexit
1149 2210 1244 2284 major
1262 2209 1403 2266 dohanne

204 2290 347 2365 Baptista.

262 2386 427 2462 Seprtcatia.

322 2481 425 2536 Sancti
439 2480 582 2554 Baptistae
598 2479 709 2534 Ohristi
723 2481 865 2554 praeconis

322 2561 481 2617 Sollemnia
495 2562 675 2616 celebrantes
688 2561 819 2616 moribus
832 2561 929 2635 ipsum
944 2580 1109 2636 sequamur,

320 2643 367 2699 ¹Ut
381 2643 416 2697 ad
433 2643 524 2697 vitam
540 2662 626 2716 qrurm
641 2641 780 2716 praedixit
794 2642 915 2697 asseclas
929 2662 997 2698 snos
1010 2642 1158 2716 perducat.

320 2723 432 2779 Devoti
452 2729 490 2791 te,
505 2722 685 2778 sanctissime
705 2722 868 2793 hominum,
890 2723 981 2779 amice
1002 2723 1075 2780 Jesu
1097 2722 1217 2794 Christi,
1231 2722 1414 2797 flagitamus¹

398 2809 434 2859 ut
447 2803 553 2878 gaudia
566 2803 770 2877 percipiamus,

318 2885 532 2960 Apparensque
554 2883 702 2939 Zachariae
725 2884 845 2939 Gabriel
865 2885 1033 2959 repromisit
1053 2885 1105 2959 qui
1118 2890 1201 2941 tuam
1216 2884 1399 2943 celebrarent

399 2966 546 3040 obsequiis
559 2965 756 3021 nativitatem.

319 3046 366 3103 Ut
379 3066 432 3121 per
445 3047 506 3102 haec
520 3046 603 3116 festa,
618 3053 728 3102 aeterna
741 3046 848 3121 gaudia
862 3047 1068 3121 adipiscamur,

320 3128 386 3197 Qua
399 3128 494 3183 sancti
508 3127 566 3183 Dei
579 3127 669 3183 sacris
683 3127 794 3184 deliciis
808 3127 872 3182 11611
884 3128 1076 3203 congaudent.

320 3208 365 3264 Tu
380 3209 432 3282 qni
446 3228 592 3282 praeparas
606 3208 738 3264 fidelium
752 3208 847 3278 corda,

318 3289 366 3346 Ne
380 3290 451 3364 quid
466 3290 584 3345 devium
599 3290 645 3345 vel
660 3291 805 3345 lubricum
821 3289 903 3345 Dens
917 3290 948 3345 iu
963 3290 1004 3345 cis
1018 3289 1151 3345 inveniat

318 3371 360 3428 Te
374 3371 569 3444 deposcimus:
592 3376 627 3426 111
640 3371 764 3426 crimina
777 3377 878 3426 nostra

317 3452 358 3507 Et
371 3453 502 3507 facinora
515 3452 657 3507 continua
672 3472 754 3526 prece
768 3452 885 3507 studeas
899 3452 1059 3522 absolvere,

318 3533 457 3589 Placatus
471 3537 505 3587 ut
519 3533 580 3606 ipse
595 3552 661 3588 sues
675 3553 788 3607 semper
801 3534 928 3587 invisere
942 3533 1050 3602 fideles,

316 3614 461 3670 Placitarn
475 3620 505 3669 61
518 3613 699 3669 mansionem
714 3615 745 3668 111
760 3614 800 3668 cis
814 3614 908 3669 fucere
922 3614 1067 3688 dignetur.

316 3696 363 3752 Ut
377 3696 442 3769 agni
459 3695 566 3750 vellere
581 3714 667 3768 quem
681 3701 733 3749 tuo
748 3695 841 3768 digito

315 3776 424 3832 Mundi
438 3782 653 3832 monstraveras
666 3775 820 3830 tollentem
836 3775 959 3830 crimina
973 3795 1025 3830 nos
1039 3776 1113 3831 velit
1127 3775 1268 3847 induer03

315 3857 361 3914 Ut
375 3858 469 3931 ipsum
486 3877 650 3913 mereamur
664 3857 774 3930 angelis
788 3856 892 3911 associi

313 3939 351 3994 In
365 3939 433 3994 albu
446 3947 528 3995 veste
541 3938 624 4011 sequi
639 3957 691 4011 per
704 3943 819 4010 portam
834 3936 1033 4009 (elatissimam,

312 4021 418 4076 Amice
433 4019 546 4076 Christi
559 4018 580 4075 J
583 4018 719 4074 ohannes.

250 4124 414 4218 Secumluin
429 4160 541 4216 Lucum
554 4159 590 4229 (i.
608 4157 723 4235 57-68).

251 4242 290 4297 Iu
311 4241 361 4297 illo
382 4247 521 4315 tempore,
537 4240 690 4296 Elizabeth
714 4238 871 4313 impletum
896 4244 939 4294 cst
959 4243 1076 4314 tempus
1096 4260 1186 4314 arsque
1206 4241 1247 4297 ad
1268 4246 1298 4297 61
1318 4241 1389 4299 fecit

189 4323 420 4398 redemptionem
434 4322 528 4398 plebis
542 4341 609 4378 sure.

223 4432 225 4436 ¹
250 4403 352 4460 Credo.

249 4496 439 4570 Offertoriam.
483 4495 505 4552 J
508 4502 591 4552 ustus
604 4500 640 4551 ut
652 4494 758 4570 palma.
