2946 5002
407 327 493 394 Ordo
515 328 562 393 ad
576 327 741 413 facienda
761 327 955 413 Sporssalia.
1220 336 1280 398 191

150 493 281 555 Gradale.

101 654 120 712 h
146 573 324 712 Bpnsdictus
354 593 393 646 es,
427 574 564 648 Domine,
596 576 648 652 qui
682 576 807 633 intueris
840 577 978 658 abyssos:
1017 584 1048 634 et
1078 578 1160 636 sedes
1194 598 1282 656 super

86 674 317 794 'eberbledtddicite
331 734 429 793 Deum
443 736 524 793 eseli:
545 736 616 812 quia
629 736 699 794 fecit
712 737 866 795 nobiscum
880 737 1110 796 misericordiam
1124 759 1214 798 suam.

142 815 291 890 Alleluya
342 816 371 875 V.
394 816 572 875 Benedictus
593 837 632 890 es,
648 817 776 876 Domine
796 818 879 875 Deus
899 824 1018 894 patrum
1039 826 1225 880 nostrorum:
1250 829 1280 879 et

84 896 241 954 laudabilis
253 897 286 954 in
300 897 410 955 saecula.

142 977 310 1037 Secundam
323 977 491 1036 Jobannem
504 977 565 1054 (iii.
584 978 698 1055 27-29).

143 1056 183 1116 In
205 1059 259 1116 illo
280 1065 420 1136 tempore,
446 1059 639 1135 Respondens
665 1059 817 1118 Johannes
839 1060 937 1118 dixit:
969 1061 1040 1118 Non
1065 1069 1163 1138 potest
1190 1064 1278 1121 homo

82 1137 210 1216 accipere
224 1140 383 1216 quicquam
397 1159 486 1215 resque
500 1140 719 1216 adimpleatur.

142 1219 246 1278 credo.

143 1299 335 1376 Offertoriam.
678 1357 683 1366 ,

141 1379 322 1440 Benedictus
348 1382 388 1457 sit
416 1383 498 1440 Deus
525 1382 622 1455 Pater,
648 1381 891 1459 Unigenitusque
919 1383 977 1442 Dei
1005 1385 1120 1444 Filius:
1152 1385 1278 1444 Sanctus

81 1480 199 1538 quoque
213 1463 350 1540 Spiritus,
366 1464 437 1539 quia
449 1463 520 1521 fecit
533 1465 686 1521 nobiscum
700 1465 928 1522 misericordiam
942 1485 1032 1524 suam.

140 1543 261 1603 Secreta.

142 1622 308 1700 Sanctifica,
323 1644 498 1702 quaesumus,
514 1625 642 1682 Domine
662 1624 744 1682 Deus
764 1631 873 1696 noster,
894 1646 947 1702 per
966 1627 1014 1684 tui
1034 1628 1129 1685 sancti
1148 1629 1277 1687 nominis

81 1703 299 1765 invocationem
320 1714 352 1764 et
367 1725 420 1781 per
434 1705 593 1782 Unigeniti
612 1706 659 1762 tui
680 1705 822 1762 vhtutem
843 1706 933 1782 hujus
953 1707 1111 1765 oblationis
1131 1707 1257 1766 hostiam
1267 1731 1275 1782 ;

80 1790 111 1842 et
134 1795 309 1863 cooperante
329 1787 444 1864 Spiritu
465 1786 580 1856 Sancto,
595 1805 648 1862 per
668 1805 732 1842 eam
752 1788 946 1862 nosmetipsos
966 1788 1023 1845 tibi
1042 1789 1147 1863 perfice
1168 1809 1276 1848 munus

80 1871 230 1924 aternum.

140 1946 212 2005 Atia
224 1949 337 2008 Secreta
350 1950 402 2006 snb
416 1950 514 2006 eadent
527 1946 713 2005 conclusione.

141 2027 270 2106 Suscipe,
281 2049 457 2106 quaesumus,
469 2029 604 2096 Domine,
615 2047 668 2104 pro
682 2047 763 2086 sacra
776 2029 916 2086 connubii
930 2028 993 2106 lege
1004 2048 1112 2086 munus
1122 2030 1254 2088 oblatum
1267 2053 1274 2103 ;

80 2116 111 2166 et
123 2109 208 2184 cujus
220 2110 388 2187 largitores
402 2110 506 2187 operis,
522 2116 584 2167 esto
598 2109 756 2185 dispositor
769 2109 943 2169 sanctitatis.
987 2110 1046 2167 Per
1060 2110 1231 2170 Dominum.

140 2189 289 2267 Prasatio.

137 2269 201 2407 gui
222 2292 290 2330 cum
313 2271 503 2348 Unigenitus,
526 2280 552 2328 et
575 2280 673 2342 cetera,
697 2292 787 2346 nsque
814 2271 862 2328 Da
883 2271 1029 2349 propitius
1052 2291 1161 2348 pacem.
1216 2273 1274 2330 Per

79 2369 137 2409 eun
158 2371 212 2410 em.

140 2432 200 2492 Hic
221 2433 360 2492 Sacerdos
378 2433 479 2508 saciat
497 2432 676 2506 fractionem
693 2433 888 2490 Eaclraristiee
912 2454 990 2491 neore
1013 2433 1103 2506 solito,
1125 2443 1150 2491 et
1170 2434 1249 2491 dieat
1262 2456 1271 2490 :

79 2514 138 2574 Per
151 2515 250 2573 omnia
263 2514 369 2572 soeculs
382 2514 562 2571 saeculorum.
598 2515 702 2571 Postea
716 2514 847 2570 dimittat
851 2513 1014 2589 fractiones
1027 2534 1114 2590 saper
1122 2523 1272 2589 patenam,

79 2605 104 2653 et
117 2594 204 2655 calice
224 2595 419 2671 miporaiibns
433 2603 567 2670 cooperto,
582 2603 674 2651 certat
687 2615 715 2652 se
727 2594 867 2652 Sacerdos
885 2596 925 2651 ad
938 2614 1075 2670 sperassent
1088 2604 1115 2652 et
1128 2615 1271 2670 spernant,

77 2685 104 2734 et
123 2678 204 2736 dicat
223 2696 310 2752 saper
329 2696 374 2734 eos
398 2675 550 2733 Orationes
573 2684 725 2750 canentes,
746 2675 807 2732 iltis
828 2675 1079 2750 qennflectentibns
1102 2676 1155 2734 aab
1177 2676 1272 2751 pallio

78 2777 165 2834 saper
178 2777 223 2816 eos
236 2767 354 2827 ennato,
369 2758 447 2832 qnod
460 2765 573 2814 teneam
587 2758 646 2813 dno
659 2755 756 2814 clerici
768 2756 802 2813 in
814 2756 1028 2832 superpelliceis.

137 2838 311 2896 Notandum
331 2847 371 2895 est
391 2838 476 2912 qaod,
491 2838 518 2894 si
537 2838 584 2894 cir
604 2846 657 2894 ant
677 2837 784 2895 rnnlier
803 2858 867 2894 nna
887 2837 944 2894 vice
968 2837 1028 2894 sint
1052 2838 1197 2910 benedicti,
1212 2860 1272 2896 non

78 2919 175 2978 debntt
187 2920 295 2976 iterum
309 2940 328 2976 a
341 2918 491 2977 Sacerdote
509 2918 641 2976 benedici.
685 2919 799 2976 Eorum
812 2918 966 2977 benedictio
983 2939 1042 2975 non
1062 2919 1140 2976 debet
1159 2919 1270 2989 iterari,

77 3001 148 3076 qnia
169 3021 236 3058 coro
257 3000 402 3058 benedicta
424 2999 514 3056 trabit
534 2999 575 3056 ad
593 3019 621 3057 se
642 3020 756 3056 cantem
772 3019 832 3056 non
852 2999 1035 3069 benedictam,
1051 3000 1124 3057 etin
1139 2999 1223 3058 titulo
1237 3003 1271 3057 de

77 3081 211 3140 secandis
232 3082 347 3157 nuptiis
368 3080 525 3138 indubitum
548 3089 588 3138 est
611 3089 637 3137 et
654 3101 711 3155 per
733 3080 884 3152 decretam,
900 3100 936 3137 ne
957 3080 1111 3137 benedictio
1133 3081 1218 3137 detur
1237 3082 1271 3138 in

77 3162 209 3220 manda
235 3162 356 3238 nuptiis.
406 3160 464 3219 Sed
484 3161 510 3217 si
523 3160 634 3236 forsan
660 3160 733 3217 alter
759 3181 858 3217 eorum
884 3159 929 3217 ael
954 3159 1037 3217 ambo
1064 3161 1105 3216 ad
1131 3162 1271 3218 secandas

76 3244 196 3320 nuptias
209 3251 389 3301 transeuntes
402 3242 436 3299 in
443 3242 562 3317 prienes
579 3241 717 3298 benedicti
733 3260 794 3297 non
801 3241 929 3314 suerint,
945 3239 1046 3298 danda
1064 3239 1119 3298 erit
1135 3241 1176 3298 eis
1195 3242 1260 3298 bene

76 3324 163 3382 dictio
176 3324 210 3380 in
223 3324 363 3381 secandis.

136 3404 245 3462 Oratio.

134 3485 310 3561 Propitiare,
324 3484 460 3554 Domine,
471 3482 734 3559 supplicationibus
747 3479 865 3551 nostris,
877 3486 907 3539 et
920 3481 1067 3539 institutis
1077 3480 1146 3553 tuis,
1162 3481 1269 3557 quibus

74 3567 313 3643 propagationem
334 3565 456 3623 humani
476 3565 591 3641 generis
611 3563 762 3636 ordinasti,
780 3563 924 3639 benignus
944 3563 1065 3634 assiste,
1085 3567 1120 3619 ut
1140 3562 1218 3636 quod
1238 3568 1269 3619 te

74 3653 192 3704 auctore
214 3648 362 3723 jungitur,
393 3652 424 3703 te
451 3645 616 3702 auxiliante
643 3651 784 3702 servetur.
840 3643 900 3702 Per
924 3643 1076 3702 Christum
1107 3642 1268 3700 Dominum

73 3735 214 3786 nostrum.
257 3729 364 3786 Amen.

132 3808 265 3868 Oremus.

133 3889 293 4046 &hirqui
305 3974 451 4046 potestate
464 3968 585 4025 virtutis
599 3974 659 4025 tuce
671 3967 706 4025 de
719 3967 814 4024 nihilo
828 3972 934 4025 cuncta
950 3964 1063 4037 fecisti3
1084 3965 1136 4041 qui
1149 3965 1269 4041 disposi-

73 4050 111 4108 tis
134 4051 337 4108 universitatis
361 4049 499 4120 exordiis,
514 4049 629 4106 homini
646 4049 684 4105 ad
704 4049 863 4124 imaginem
885 4047 944 4105 Dei
960 4047 1038 4103 facto
1056 4047 1122 4103 ideo
1139 4047 1268 4122 insepar-

72 4132 147 4190 abile
168 4131 299 4188 mulieris
320 4130 501 4206 adjutorium
521 4129 687 4198 condidisti,
702 4134 738 4185 ut
757 4130 884 4186 femineo
904 4127 1018 4203 corpori
1039 4127 1074 4184 de
1088 4127 1170 4183 virili
1183 4128 1268 4184 dares

73 4231 157 4270 carne
178 4213 379 4288 principium
402 4211 517 4280 docens,
539 4209 618 4286 quod
640 4229 678 4266 ex
701 4229 761 4266 uno
783 4209 940 4285 placuisset
963 4207 1089 4278 institui,
1113 4227 1267 4284 nunquam

72 4292 159 4351 licere
172 4293 318 4368 disjungi:
341 4291 431 4361 Deus,
446 4290 500 4366 qui
519 4295 581 4346 tam
600 4289 756 4346 excellenti
774 4290 915 4364 mysterio
933 4288 1113 4364 conjugalem
1132 4287 1268 4363 copulam

72 4374 253 4445 consecrasti,
268 4378 304 4429 ut
318 4371 429 4428 Christi
452 4377 483 4428 et
506 4368 643 4426 Ecclesia
667 4376 880 4426 sacramentum
904 4369 1094 4446 praesignares
1114 4368 1147 4425 in
1160 4368 1268 4426 foederc

71 4455 260 4532 nuptiarum:
288 4452 379 4523 Deus,
402 4470 563 4530 perquem
585 4448 692 4506 mulier
711 4450 850 4528 jungitur
873 4450 947 4524 viro,
965 4458 995 4508 et
1016 4448 1138 4508 societas
1161 4448 1269 4526 princi-
