2946 5002
139 296 201 356 110
597 286 692 353 Festo
715 284 865 354 Octobris

228 521 338 578 Senem
360 518 769 591 H1snosru1,1>nnserrm1,
791 533 998 589 corrnssoms,
1021 535 1058 576 ur
1079 535 1235 578 nocroms.

598 613 693 692 (Prid.
709 612 780 670 Kal.
797 613 876 691 Oct.)

201 745 339 820 Offioiwm.
382 744 421 801 In
434 745 538 803 medio.

200 826 308 885 Oratio.

198 907 300 965 Sancti
313 904 492 982 Hieronymi
508 923 570 976 nos,
590 904 726 975 Domine,
744 904 882 962 natalitia
898 904 998 964 votiva
1015 905 1174 980 loetificent,
1191 913 1223 966 et
1240 908 1328 967 bene-

137 989 211 1046 ficiis
224 1007 284 1046 suae
293 985 508 1045 intercessionis
520 985 668 1043 attollant.
711 984 777 1042 Per.

197 1067 338 1144 Epistola.
381 1067 474 1125 Dedit
487 1066 634 1124 Dominus
647 1065 864 1124 confessionem

199 1148 332 1208 Gradolc.
375 1147 417 1206 Os
427 1147 511 1223 justi.

111 1234 116 1247 '
195 1229 343 1305 Alleluya
392 1229 421 1287 V.
444 1228 506 1286 Iste
520 1231 645 1284 sanctus

197 1309 359 1385 Sequentia.
403 1307 563 1385 Orgamicis,
579 1317 613 1364 ct
625 1307 659 1364 io
670 1304 832 1366 Communi.

196 1401 396 1477 annqeliwo.
439 1399 542 1457 Nolite
555 1399 660 1457 timere
672 1398 796 1474 pusillus
809 1418 881 1476 grex
895 1417 983 1475 ceptio
996 1399 1037 1458 ad
1049 1418 1099 1458 cor
1111 1406 1244 1459 vestrum
1257 1402 1321 1461 erit

199 1482 302 1540 Credo.

198 1562 391 1637 offertorium.
433 1560 562 1618 Veritas.

196 1655 328 1812 ffdrceedata
349 1735 389 1792 sit
410 1733 443 1790 in
465 1738 622 1808 conspeetu
642 1737 704 1803 tuo,
727 1732 864 1805 Domine,
887 1738 994 1791 nostrae
1015 1734 1179 1796 devotionis
1203 1735 1325 1808 oblatio,

137 1814 406 1954 erteerejufiolliloitnpplpis
418 1812 630 1890 supplicatione
643 1813 788 1887 saluteris,
804 1832 857 1890 pro
871 1815 954 1892 cujus
971 1814 1167 1874 sollemnitate
1181 1815 1323 1876 defertur.
1337 1927 1341 1934 ἢ

197 1989 379 2048 Germanic.
421 1986 532 2045 Fidelis
545 2005 654 2044 servus.

197 2082 470 2239 {dpleotiffldodia
483 2160 599 2230 caelesti,
615 2176 790 2236 quaesumus,
811 2159 946 2234 Domine,
961 2167 997 2219 ut
1014 2161 1214 2221 intercedente
1235 2164 1323 2220 beato

136 2243 322 2319 Hieronymo
336 2241 497 2300 confessore
506 2247 569 2313 tuo,
582 2240 786 2299 misericordie
795 2245 855 2299 tuse
863 2243 988 2320 gratiam
997 2243 1134 2320 consequi
1147 2263 1319 2303 mereamur.

136 2324 195 2382 Per
208 2323 371 2381 Dominum
383 2328 516 2380 nostrum
525 2322 548 2380 J
548 2340 629 2379 esum
643 2321 802 2381 Christum.

198 2559 236 2614 Is
257 2557 490 2615 Tnsrsmrmsu
509 2571 687 2614 ssscrornn
707 2528 922 2617 corisssonuu
943 2559 1098 2633 Genesim,
1118 2562 1261 2638 Rumor-1,

338 2654 488 2725 Vnonsrr,
511 2652 657 2724 stoms,
679 2670 716 2711 nr
736 2654 897 2715 Pmroms.
941 2657 1023 2736 (Kal
1039 2658 1121 2739 Oct)

197 2803 336 2877 Officium.
379 2800 555 2860 Sacerdotes.

198 2883 306 2941 Oratio.

196 2962 323 3033 Exaudi,
337 2962 473 3035 Domine,
488 2961 629 3038 populum
648 2967 734 3019 tuum
754 2967 785 3021 et
804 2969 970 3024 sanctorum
989 2967 1185 3027 confessorum
1201 2976 1319 3029 tuorum

135 3045 283 3115 Germani,
309 3043 446 3120 Remigii,
472 3043 606 3113 Vedssti,
634 3042 763 3101 Bavonis
789 3049 878 3120 atque
905 3045 1048 3122 Platonis,
1071 3049 1224 3109 sollemnia
1250 3053 1347 3110 cele·

134 3125 278 3196 brantem,
303 3124 472 3262 tenpporalis
496 3123 565 3180 vitae
591 3123 690 3181 tribue
715 3144 786 3200 pecc
812 3125 945 3202 gaudere,
969 3134 1000 3188 ot
1026 3134 1169 3189 aeternum
1191 3134 1319 3210 reperire

135 3206 305 3264 subsidium.
374 3224 413 3262 er.

193 3285 334 3362 Epistola
377 3285 481 3343 Plures
492 3284 566 3342 facti
578 3290 648 3342 sunt
661 3286 830 3345 sacerdotes.
887 3264 894 3285 ⁶

196 3366 329 3426 Grodale.
372 3365 542 3424 Sacerdotes
555 3367 627 3441 ejus.

193 3448 341 3524 Alleluya.
389 3447 419 3507 V.
441 3446 610 3522 Fulgebunt
618 3446 703 3522 justi.

192 3526 392 3604 Evanpelinm.
435 3527 503 3585 sint
515 3526 611 3584 lumbi
623 3527 715 3584 vestri
727 3548 817 3603 usquo
830 3529 871 3588 od
883 3529 978 3589 Filius
991 3531 1119 3590 hominis
1132 3534 1241 3594 veniet.

195 3619 388 3695 Offcrtorium.
431 3618 641 3677 Exsultabunt.

192 3711 444 3863 {prezpnom'
462 3810 637 3868 quaesumus,
651 3764 794 3866 Domine,
816 3801 847 3852 et
867 3800 986 3854 tuorum
1008 3799 1118 3876 respice
1136 3799 1317 3858 oblationem

132 3874 272 3946 fidelium,
290 3879 326 3931 ut
342 3874 399 3931 tibi
419 3879 510 3950 grata
531 3874 592 3930 sint
612 3873 645 3929 in
667 3877 786 3932 tuorum
809 3874 971 3936 festivitate
988 3884 1166 3954 sanctorum,
1184 3887 1215 3939 et
1233 3882 1323 3940 nobis

133 3955 284 4013 conferant
297 3960 356 4011 tuae
369 3953 589 4031 propitiationis
601 3952 755 4012 auxilium.
798 3954 864 4014 Per.

193 4046 371 4107 Cornmuoio.
413 4046 570 4104 Justorum
583 4045 696 4103 animae.

74 4185 75 4189 ,
193 4140 432 4200 Postcommuwio.

192 4221 311 4298 Repleti
321 4227 502 4280 sacramento
512 4219 704 4297 reparationis
714 4220 857 4293 hnmanae,
868 4228 982 4299 priests,
993 4243 1168 4300 quesumus,
1180 4224 1322 4303 Domino,¹

132 4309 167 4360 ut
179 4322 232 4380 per
249 4321 283 4361 ea
300 4322 365 4379 quae
381 4302 466 4361 nobis
487 4320 608 4360 munere
625 4301 757 4378 dignaris
777 4303 906 4379 prebere
927 4303 1044 4378 caelesti,
1058 4326 1112 4385 per
1132 4307 1194 4368 haec
1216 4307 1316 4370 eadem

132 4384 245 4443 tribuas
258 4383 342 4445 nobis
355 4383 497 4444 inhaerere
509 4381 679 4444 caelestibus.
722 4381 781 4442 Per
793 4383 963 4445 Dominum.
