2946 5002
537 368 632 434 Festo
653 361 847 433 Decembris.

393 535 468 592 Erat
481 535 514 591 in
527 535 591 610 ejus
604 534 703 591 animo

433 616 534 673 Pietas
547 615 656 673 eximia
667 634 675 688 3

392 697 433 754 Et
447 696 593 773 oppressis
605 696 796 772 impendebat

433 778 534 834 Multa
547 778 695 835 beneficia.

391 857 478 930 Auro
491 878 544 934 per
557 861 624 916 eum
638 857 789 934 virginum

432 939 560 996 Tollitur
573 939 716 1011 infamia3
811 971 813 975 <

391 1020 494 1096 Atque
508 1021 601 1097 patris
615 1020 774 1077 earundem

432 1101 563 1159 Levatur
575 1101 683 1177 inopia.

392 1181 520 1250 Quidam
532 1189 631 1238 nautae
644 1183 819 1257 navigantes

431 1263 472 1319 Et
482 1269 585 1320 contra
597 1263 741 1320 fluctuum
753 1260 900 1319 saevitiam
913 1261 1069 1330 luctantes,

430 1343 516 1400 Navi
527 1362 610 1420 poene
624 1343 775 1413 dissoluta,

389 1423 412 1482 J
413 1443 461 1481 am
475 1425 511 1482 de
525 1425 589 1481 vita
602 1424 798 1500 denpemntm,
1074 1484 1077 1488 ,

430 1505 469 1562 In
479 1511 564 1563 tanto
574 1505 664 1581 positi
673 1505 803 1581 periculo
816 1502 985 1577 clamantes,

429 1585 511 1644 Voce
525 1587 628 1643 dicunt
641 1605 743 1644 omncs
755 1605 815 1643 una
828 1607 835 1644 :

390 1665 416 1724 0
431 1667 516 1724 beate
530 1667 662 1739 Nimiae,

429 1748 494 1805 Nos
508 1748 545 1804 ad
559 1748 650 1805 maris
663 1753 783 1823 portum
796 1747 882 1806 trahe

429 1829 476 1886 De
489 1829 594 1885 mortis
608 1829 744 1904 angustia
756 1848 765 1901 3

389 1907 486 1966 Trahe
499 1929 553 1967 nos
566 1910 604 1966 ad
617 1916 737 1985 portum
750 1909 847 1981 maris,

429 1991 474 2046 Tu
489 1992 541 2066 qui
554 1997 601 2048 tot
614 1990 768 2047 auxiliaris

428 2071 554 2129 Pietatis
567 2071 671 2146 gratia.

388 2151 469 2209 Dum
483 2152 645 2210 clamarent
658 2171 711 2209 nec
724 2151 879 2223 incassum,

428 2231 503 2290 Ecce
517 2233 638 2309 quidam
651 2233 760 2304 dicens,
776 2235 889 2291 Assum

426 2314 478 2380 Ac
493 2321 592 2371 vestra
605 2314 749 2389 praesidia.

387 2393 496 2452 Statim
510 2415 583 2452 aura
597 2396 685 2452 datur
698 2399 792 2472 grata,

427 2476 468 2532 Et
482 2482 640 2552 tempestas
654 2476 689 2533 fit
702 2477 812 2547 sedata,

427 2556 612 2625 Quicverunt
626 2557 726 2614 maria.

386 2637 434 2694 Ex
447 2639 539 2712 ipsius
553 2639 657 2694 tumba
671 2644 773 2695 manat

424 2717 586 2776 Unctionis
600 2719 691 2795 copia,

384 2797 456 2866 Quae
470 2799 604 2856 infirmos
618 2818 719 2856 omnes
737 2804 823 2857 sanat

423 2880 483 2937 Per
496 2881 520 2956 ej
525 2900 559 2937 us
573 2881 720 2956 suffragia.

384 2960 448 3018 Nos
461 2962 514 3036 qui
528 2981 629 3018 sumus
643 2963 675 3017 in
689 2961 744 3018 hoc
757 2959 869 3019 mundo

423 3042 578 3100 Vitiorum
592 3042 625 3098 in
638 3042 785 3118 profundo

423 3123 445 3180 J
447 3143 495 3180 am
509 3123 588 3199 passi
601 3123 766 3200 naufragia,

386 3203 520 3261 Glorioso
534 3205 667 3276 Nicolae,

424 3285 476 3342 Ad
490 3285 593 3341 salutis
608 3292 727 3361 portum
740 3285 833 3356 trahe,
878 3329 880 3333 .

425 3366 490 3423 Ubi
503 3386 562 3441 pax
576 3372 606 3423 et
619 3365 719 3441 gloria.

386 3445 486 3522 Ipsam
500 3448 584 3504 nobis
598 3448 768 3504 unctionem

424 3527 571 3603 Impetret
585 3548 603 3584 a
617 3527 748 3585 Domino

425 3608 518 3665 Prece'
528 3609 578 3684 pia
590 3629 596 3679 ;

385 3688 445 3757 Qui
458 3691 575 3747 sanavit
589 3689 736 3746 laesionem

423 3769 592 3827 Multorum
606 3769 807 3846 peccaminum

423 3851 463 3907 In
479 3852 580 3908 maria.

384 3929 476 4007 Oujus
490 3933 600 3989 festum
613 3932 794 3989 celebrantes

424 4013 580 4070 Gaudeant
593 4033 646 4088 per
660 4011 766 4069 saecula
779 4031 788 4084 3

383 4091 424 4149 Et
437 4101 558 4151 coronet
572 4113 621 4151 eos
635 4093 773 4150 Christus

424 4174 498 4231 Post
518 4175 588 4231 vitae
603 4174 755 4232 curricula.

50 4349 52 4352 Ι
134 4268 347 4346 Evacoqclium.
390 4271 490 4328 Homo
504 4271 625 4347 quidam
639 4290 767 4348 peregre.

137 4349 340 4428 Offcrtooium.
382 4351 511 4410 Veritas.

135 4433 312 4584 Ssiiicettiiica,
333 4531 508 4589 quaesumus,
526 4512 664 4586 Domine,
681 4512 780 4571 oblata
803 4531 934 4586 munera,
955 4530 1021 4591 quae
1044 4508 1078 4572 in
1099 4514 1288 4574 veneratione
