2946 5002
623 371 719 435 Festo
733 372 761 435 J
759 369 848 436 aaii.

501 537 567 594 Tali
580 557 648 594 cum
661 537 783 609 athleta,

501 618 573 676 Dies
586 619 622 674 fit
634 618 696 675 haec
710 619 779 675 laeta

500 699 660 775 Laudeque
673 699 794 775 repleta,

540 780 661 856 Piisque
674 781 816 856 precibus.

501 861 547 918 Ut
560 861 593 917 in
606 863 670 917 vita
683 869 763 918 meta

500 942 614 999 Nostra
626 943 666 999 sit
681 942 769 999 diaeta

500 1023 558 1080 Per
572 1023 635 1079 caeli
648 1028 760 1080 secreta

540 1104 616 1161 (lum
629 1104 690 1160 suis
703 1102 825 1161 civibus.

198 1218 399 1293 anaqcliam.
444 1218 504 1288 Qui
517 1238 569 1276 vos
582 1218 674 1275 audit.

199 1299 394 1374 Offlrtoriuaa
437 1299 547 1356 Inveni
560 1299 667 1355 David.

198 1379 378 1440 Commaaio.
421 1380 533 1438 Fidelis
547 1399 656 1437 servus.

195 1461 355 1519 Dominica
372 1459 456 1535 infra
469 1470 495 1517 ct
507 1461 542 1517 ia
557 1461 664 1518 Octava
684 1461 731 1517 dic
751 1460 891 1517 dicantar
911 1459 1018 1530 ornava,
1034 1458 1109 1515 sicat
1125 1456 1160 1514 ia
1173 1453 1337 1531 primodie

129 1552 238 1618 praetcr
252 1543 354 1613 Credo,
370 1543 448 1617 qaod
461 1562 522 1599 aaa
535 1541 647 1599 dicetur
660 1542 694 1599 ia
710 1540 827 1611 Octava,
843 1540 904 1598 aiei
916 1539 1075 1597 Dominica
1080 1537 1186 1613 faerit.

234 1778 423 1837 Sancroaon
443 1779 540 1837 Pium
562 1796 599 1836 nr
620 1778 790 1853 ancmm,
813 1796 992 1838 alarinen.
1037 1777 1077 1856 (v.
1093 1778 1139 1836 Id.
1154 1776 1241 1856 Jun.)

197 1934 335 2010 Officium.
380 1936 563 2013 Sapientiam
576 1943 753 1995 sanctorum.

199 2014 308 2074 Oratio.

195 2096 255 2154 Fac
268 2117 331 2167 nos,
346 2116 521 2173 quaesumus,
542 2098 679 2170 Domine,
699 2106 867 2156 sanctorum
887 2106 1006 2157 tuorum
1027 2098 1122 2156 Primi
1142 2106 1173 2156 et
1193 2099 1338 2158 Feliciani

133 2197 249 2253 semper
266 2178 342 2235 festa
355 2180 469 2250 sectari,
486 2199 611 2256 quorum
630 2180 776 2256 suffragiis
796 2182 986 2257 protectionis
1000 2188 1060 2238 tuae
1076 2180 1152 2238 dona
1165 2181 1335 2240 sentiamus.

137 2257 196 2315 Per
210 2258 380 2318 Dominum.
1100 2273 1102 2277 ’

196 2350 339 2425 Epistola.
382 2352 403 2408 J
405 2353 466 2408 usti
481 2353 512 2408 in
526 2358 710 2427 perpetuum.

199 2431 332 2488 Gratata.
376 2431 581 2490 Exsultabunt
594 2433 697 2491 sancti.

196 2511 344 2587 Alleluya.
394 2512 423 2569 V.
447 2512 551 2570 Sancti
564 2514 612 2570 tui
626 2512 755 2570 Domine
768 2513 950 2573 benedicent.

196 2600 398 2674 Evaaqeliam.
441 2601 509 2657 Hoc
523 2609 569 2658 est
581 2607 769 2677 praeceptum.

199 2680 391 2755 Offlrtoriam.
436 2681 602 2740 Laetamini

195 2773 435 2927 iiiiitiiomine,
458 2875 635 2932 quaesumus,
660 2856 759 2914 hostia
782 2856 925 2915 sacranda
948 2857 1006 2914 tibi
1033 2857 1186 2934 placabilis
1213 2856 1337 2934 pretiosi

131 2935 304 2992 celebritate
318 2936 463 3011 martyrii,
477 2956 543 3012 quae
557 2943 588 2994 et
601 2943 721 3011 peccata
734 2945 835 2994 nostra
854 2939 999 3014 purificet,
1015 2945 1045 2996 et
1062 2945 1183 2997 tuorum
1196 2939 1254 2996 tibi
1266 2944 1338 2996 vota

133 3015 272 3073 conciliet
285 3016 472 3074 famulorum.
517 3017 576 3075 Per
590 3017 763 3075 Dominum.

199 3102 381 3162 Communia.
425 3104 601 3164 Posuerunt.

198 3197 439 3256 Postcommuaio.

197 3280 380 3351 Quaesumus,
409 3280 595 3355 omnipotens
629 3282 718 3355 Deus,
748 3289 783 3339 ut
817 3287 986 3340 sanctorum
1019 3287 1141 3338 tuorum
1176 3282 1272 3340 Primi
1306 3287 1338 3340 et

136 3359 280 3418 Feliciani
299 3360 463 3418 caelestibus
483 3362 632 3435 mysteriis
652 3363 798 3420 celebrata
818 3363 999 3421 sollemnitas
1018 3363 1236 3438 indulgentiam
1250 3362 1337 3421 nobis

136 3447 196 3498 tuae
210 3441 428 3517 propitiationis
441 3443 582 3517 acquirat.
624 3443 683 3500 Per
697 3443 868 3502 Dominum.

367 3674 478 3735 Sinon
500 3676 667 3749 Bassania,
688 3694 840 3737 arosronr.
885 3677 939 3755 (iii.
956 3678 1003 3739 Id.
1019 3677 1107 3757 Jun.)

200 3832 339 3908 Officium
383 3831 463 3888 Mihi
476 3835 577 3889 autem
591 3831 688 3888 nimis.

201 3924 310 3984 Oratio.

197 4006 358 4064 Ecclesiam
378 4011 470 4077 tuam,
493 4004 629 4076 Domine,
652 4004 684 4061 in
713 4004 794 4061 omni
821 4005 1018 4080 prosperitate
1044 4007 1169 4079 custodi,
1200 4012 1231 4064 et
1255 4005 1339 4064 beati

136 4087 281 4145 Barnabae
295 4087 420 4164 apostoli
433 4086 586 4144 suffultam
604 4086 776 4161 patrociniis
797 4086 932 4162 supernis
945 4087 1066 4164 dignam
1089 4088 1196 4147 exhibe
1209 4087 1335 4165 gaudiis.

139 4167 205 4225 Per.

196 4248 337 4324 Epistola.
380 4248 403 4306 J
404 4267 449 4306 am
465 4266 526 4303 non
540 4247 611 4304 estis
624 4245 763 4322 hospites.

200 4329 332 4387 Graddtc.
377 4327 417 4386 1n
430 4348 548 4386 omnem
562 4336 680 4386 terram

197 4409 345 4486 Alleluya.
395 4410 424 4468 V.
448 4409 519 4466 Non
532 4429 585 4466 vos
599 4428 645 4466 me
659 4408 799 4484 elegistis.

196 4489 358 4566 Samnite.
403 4490 488 4549 Clare
501 4496 681 4563 sanctorum,
696 4496 731 4547 at
743 4489 779 4547 ia
793 4487 960 4551 Communi.
