2946 5002
346 372 392 437 Iu
408 371 529 438 Natali
547 372 785 460 plurimorum
798 373 1004 458 Mootyuam.
1212 377 1272 437 145

128 533 294 753 liiiiliariiin
308 619 414 678 animae
427 620 460 678 in
473 641 565 678 manu
582 621 641 678 Dei
663 626 753 679 sunt:
774 625 805 678 et
818 640 879 678 non
893 625 997 697 tanget
1010 620 1076 678 illos
1090 626 1271 679 tormentum

81 715 127 834 Va
137 703 208 916 ΞῙΞΞ
221 786 291 837 sunt
305 781 396 839 oculis
408 782 613 859 insipientium
628 783 722 841 mori:
744 782 790 839 illi
803 788 903 840 autem
916 789 987 841 aunt
1000 783 1034 843 in
1048 801 1125 859 paee.

136 861 315 1018 Boggilliam
328 943 440 1000 bonum
454 948 485 1001 et
498 963 587 1020 quam
597 944 759 1020 jocundum
772 965 778 1002 :
798 944 933 1002 habitare
946 944 1053 1003 fratres
1066 945 1099 1001 in
1112 963 1215 1002 unum.

75 1018 111 1156 K.
138 1019 223 1079 Siout
246 1028 431 1100 unguentum
451 1025 484 1080 in
504 1025 618 1102 eapite:
650 1026 729 1102 quod
756 1025 905 1083 descendit
931 1024 964 1082 in
990 1025 1122 1098 barbam,
1148 1025 1269 1083 barbam

106 1119 271 1244 ωθῒαάαῖε.

134 1263 248 1321 Anima
262 1271 364 1322 nostra
377 1266 454 1322 siout
467 1287 567 1342 passer
579 1272 679 1342 erepta
693 1273 747 1339 est,
763 1267 800 1325 de
813 1268 919 1343 laqueo
934 1267 1114 1326 venantium

80 1341 109 1399 V.
136 1342 274 1420 Laqueus
294 1347 441 1404 contritus
461 1353 506 1404 est
515 1368 524 1420 3
545 1353 575 1404 et
584 1367 641 1405 nos
661 1348 781 1406 liberati
800 1368 918 1406 sumus:
940 1348 1122 1425 adjutorium
1137 1352 1272 1406 nostrum

72 1422 106 1479 in
120 1427 241 1483 nomine
256 1426 380 1496 Domini
388 1447 397 1500 ;
418 1429 470 1504 qui
484 1429 553 1485 fecit
567 1429 669 1486 caelum
684 1435 714 1485 et
727 1435 846 1486 terram.

137 1503 272 1565 aradae.

134 1584 251 1644 Timete
265 1588 428 1646 Dominum
442 1609 542 1647 omnes
556 1591 651 1647 sancti
668 1591 738 1665 ejuS,
756 1591 895 1667 quoniam
909 1590 985 1647 nihil
998 1590 1081 1648 deest
1098 1590 1273 1648 timentibus

72 1683 150 1722 eum.

77 1744 108 1804 V.
135 1746 327 1824 Inquirentes
340 1756 440 1807 autem
454 1750 617 1808 Dominum
631 1772 637 1808 :
657 1770 718 1807 non
732 1750 868 1807 deficient
882 1751 962 1807 omni
975 1751 1060 1808 bono.

133 1827 283 1906 Alleluya.
333 1830 361 1888 V.
385 1830 533 1888 Mirabilis
547 1832 694 1888 Dominus
707 1837 809 1888 noster
822 1831 854 1887 in
868 1831 977 1888 sanctis
991 1832 1058 1890 auia

135 1908 284 1986 Alleluya.
333 1911 363 1969 V.
386 1911 488 1969 Sancti
500 1913 556 1983 tui,
571 1913 707 1983 Domine,
722 1912 896 1968 benedicent
910 1917 959 1969 te:
980 1912 1104 1988 gloriam
1122 1912 1206 1988 regni
1227 1913 1273 1968 tui

71 1987 181 2047 dicent.

109 2149 117 2162 ·
133 2069 283 2148 Alleluya.
331 2072 362 2130 V.
385 2072 588 2130 Exsultabuut
601 2073 696 2130 saneti
709 2073 742 2129 in
755 2072 868 2150 gloria:
889 2073 1071 2130 laetabuntur
1080 2073 1112 2130 in
1123 2072 1269 2130 cubilibus

70 2168 141 2207 aum

132 2230 284 2308 Alleluya.
334 2233 363 2291 V.
387 2233 615 2291 confitebuntur
636 2233 699 2290 eaeli
721 2234 868 2291 mirabilia
890 2240 951 2306 tua,
975 2234 1121 2293 Domine:
1147 2239 1178 2291 et
1200 2233 1273 2290 veri·

69 2314 166 2368 tatem
179 2319 264 2370 tuam
278 2313 311 2370 iu
324 2314 445 2371 eeclesia
458 2322 633 2371 sanctorum.

132 2391 283 2469 Alleluya.
333 2394 362 2452 V.
386 2395 515 2452 Stabunt
530 2396 607 2471 justi
627 2396 661 2452 in
677 2415 784 2472 magna
796 2396 983 2454 oonstantia:
1005 2396 1144 2454 advorsus
1157 2394 1273 2471 eosqui

69 2490 101 2528 ae
115 2475 372 2548 angustiaverunt.

131 2553 283 2632 Alleluya.
332 2555 361 2612 V.
385 2556 487 2613 Sancti
507 2557 562 2627 tui,
581 2555 717 2628 Domine,
741 2556 888 2614 florebunt
908 2555 985 2613 sieut
1007 2557 1120 2621 lilium:
1146 2563 1177 2614 et
1196 2557 1274 2614 siout

69 2632 145 2690 odor
156 2634 283 2692 balsami
295 2641 385 2692 erunt
397 2642 467 2694 ante
480 2642 519 2693 te.

130 2714 282 2792 Alleluya.
331 2717 361 2773 V.
383 2717 406 2773 J
407 2718 467 2773 usti
480 2717 639 2794 epulentur
652 2723 683 2774 et
696 2716 1052 2795 exsultentinoonspectu
1066 2717 1145 2776 Dei:
1164 2717 1272 2776 delect-

69 2800 162 2852 entur
173 2796 208 2852 in
221 2797 335 2854 laetitia.
355 2797 363 2811 ’

130 2875 284 2953 Alleluya.
332 2877 362 2934 V.
384 2877 583 2935 deiderunt
600 2898 722 2955 eorpoia
743 2898 796 2936 sua
812 2884 932 2956 propter
946 2879 1042 2936 Deum
1058 2879 1096 2937 ad
1109 2879 1271 2956 supplicia:

67 2955 137 3014 ideo
150 2963 327 3014 meruerunt
339 2958 447 3016 habere
460 2978 580 3016 ooronaa
593 2966 756 3035 perpetum

130 3038 282 3114 Alleluya
331 3037 361 3095 V.
382 3040 405 3096 J
406 3039 467 3096 uati
487 3039 520 3096 in
540 3047 716 3116 perpetuum
739 3041 860 3097 vivent:
887 3046 919 3098 et
940 3041 1019 3116 apud
1042 3040 1206 3098 Dominum
1228 3047 1273 3097 est

66 3135 181 3176 meroes
192 3138 305 3178 eorum.

127 3199 281 3275 Alleluya
332 3198 361 3256 V.
383 3199 407 3256 J
407 3200 569 3257 udieabnnt
582 3199 677 3256 saneti
690 3201 826 3257 nationes
846 3205 878 3257 et
889 3200 1124 3258 dominabuntur
1137 3200 1269 3277 populis:

68 3285 101 3336 et
112 3281 254 3356 regnabit
266 3279 387 3336 illorum
399 3300 454 3336 rex
468 3280 499 3337 in
514 3287 665 3336 aeternum.

10 3421 13 3428 ‚
127 3357 297 3436 Samae.
340 3361 417 3417 ane
430 3361 561 3436 pulehm,
577 3369 611 3416 aa
624 3361 658 3416 iu
672 3359 836 3419 Communi.

128 3440 165 3498 Si
178 3440 265 3516 infra
276 3439 525 3516 Septaaqesimam
537 3441 664 3498 mara.

129 3522 265 3581 umam
310 3521 372 3590 Qui
383 3522 531 3579 seminant
544 3521 575 3577 in
588 3521 726 3596 lacrymis
735 3541 745 3593 3
766 3521 799 3578 in
811 3519 919 3597 gaudio
933 3527 1053 3580 metent.

74 3601 103 3659 V.
130 3602 248 3660 Euntes
261 3604 348 3660 ibant
360 3608 391 3658 et
403 3602 531 3659 flebant:
553 3601 707 3659 mittentes
720 3602 832 3659 semina
845 3621 905 3658 sua.

75 3682 104 3740 V.
129 3682 299 3756 Venientes
321 3689 422 3759 autem
443 3683 565 3740 venient
588 3702 656 3739 oum
678 3682 896 3740 exsultatione:
927 3687 1080 3759 portantes
1103 3677 1269 3755 manipulos

68 3781 144 3820 auos
341 3806 354 3835 ὁ

127 3842 301 3902 madum
311 3842 426 3902 mma
438 3843 493 3919 (oi.
511 3841 625 3918 17-23).

127 3925 170 3982 In
182 3926 236 3983 illo
249 3933 392 4002 tempore,
408 3923 596 3981 Descendens
608 3922 631 3979 J
630 3942 696 3981 esua
708 3922 747 3981 de
759 3928 859 3979 monte
873 3923 958 3981 stetit
977 3922 1010 3979 in
1029 3921 1093 3979 loeo
1113 3919 1268 3997 campestri

68 4025 159 4080 tuque
172 4007 215 4063 ad
227 4026 294 4064 ecoe
308 4006 389 4063 enim
402 4021 511 4060 meroes
525 4007 624 4058 vestra
637 4002 732 4059 multa
743 4008 789 4059 est
802 4002 835 4058 in
847 4000 925 4059 eaelo.

126 4085 302 4144 Secundum
315 4085 481 4146 Jolaamm
494 4080 555 4155 (ao.
574 4080 647 4157 1-7).

126 4166 168 4224 In
190 4167 247 4224 illo
268 4173 411 4242 tempore,
434 4161 525 4221 Dixit
545 4160 634 4218 Jesus
654 4160 806 4238 diseipulia
826 4160 910 4232 suis3
930 4160 995 4237 Ego
1017 4179 1082 4217 sum
1103 4158 1175 4217 vitis
1201 4178 1269 4217 vem

67 4266 157 4322 uaqiae
169 4249 214 4305 ad
226 4254 260 4305 et
272 4249 327 4304 fiet
341 4245 432 4302 vobis.

125 4328 301 4387 Secundam
314 4325 489 4383 Mallum
502 4319 544 4395 (a
564 4319 658 4396 142)
1252 4379 1254 4385 .

125 4410 165 4467 In
179 4409 235 4467 illo
249 4422 394 4483 tempore,
409 4403 523 4459 Videns
544 4399 567 4455 J
568 4417 635 4456 esus
651 4401 763 4472 turbae,
777 4397 907 4460 aseendit
920 4397 953 4457 in
969 4405 1100 4457 montem
1119 4417 1210 4478 usque
1223 4401 1271 4459 ‘od

65 4488 202 4548 Gaudete
216 4496 250 4546 et
263 4486 433 4546 exsultate:
453 4479 593 4558 quoniam
605 4498 714 4537 meroes
728 4485 826 4539 vestra
838 4478 955 4557 eopiosa
967 4486 1013 4537 est
1026 4480 1057 4537 in
1071 4478 1174 4539 atis.··
1188 4504 1192 4515 ·

122 4589 195 4630 von
211 4586 250 4627 11.
647 4574 667 4615 n
