2946 5002
447 331 496 398 In
509 331 632 398 Natali
645 332 754 400 nnins
768 333 945 421 Martyris.
1229 340 1291 404 139

155 494 252 554 Atta
266 495 406 571 Officium.

156 576 197 634 In
217 578 330 635 virtute
352 585 412 652 tua,
428 578 564 651 Domino,
579 578 731 638 laetabitur
747 581 866 656 justus:
895 585 926 638 et
948 600 1036 657 super
1057 581 1184 640 salutare
1205 587 1292 642 tuum

97 658 258 716 exsultabit
270 659 478 717 vehementer:
498 659 675 718 desiderium
688 660 794 719 animae
807 663 871 737 ejus
884 662 1018 719 tribuisti
1032 662 1067 720 ei.

157 750 306 809 Psnirnns.
349 751 391 809 Et
404 751 559 810 voluntate
571 752 717 811 labiorum
731 755 810 829 ejus:
823 774 884 812 non
897 754 1041 813 fraudasti
1054 775 1129 816 eum.

156 837 255 897 Aliud
270 837 413 915 Officium.

158 920 265 978 Justns
291 925 326 976 ut
358 920 456 996 palma
488 921 613 995 florebit,
642 921 719 980 sicut
751 923 854 981 cedrus
887 923 997 981 Libani
1028 925 1292 1001 multiplicabitur:

98 1002 250 1078 plantatus
262 1001 295 1057 in
308 1000 395 1059 domo
408 1001 539 1074 Domini,
554 1003 587 1060 in
599 1003 684 1061 atriis
698 1004 801 1061 demus
815 1004 873 1062 Dei
886 1006 989 1062 nostri.

158 1088 201 1146 In
215 1098 335 1165 tempere
348 1089 497 1164 Pasclcali,
511 1091 660 1167 Alleluya,
676 1091 811 1169 alleluya.

159 1170 303 1228 Pennana
492 1226 494 1229 .

160 1251 277 1308 Bonam
291 1255 335 1308 est
349 1251 484 1309 confiteri
496 1251 644 1310 Domino:
664 1259 695 1310 et
707 1253 831 1329 psallere
844 1253 958 1311 nomini
970 1259 1033 1328 tuo,
1048 1255 1198 1316 altissime.

158 1330 254 1389 Aliud
269 1330 410 1406 Officium.

159 1412 267 1470 Justus
286 1431 346 1470 non
366 1413 600 1488 conturbabitur,
614 1414 685 1489 quia
700 1414 847 1472 Dominus
866 1415 965 1473 firmat
985 1436 1106 1474 manum
1125 1417 1207 1493 ejus:
1228 1423 1292 1476 tota

99 1492 147 1550 die
169 1493 326 1551 miseretur
350 1497 381 1550 et
402 1494 583 1551 commodat:
614 1501 645 1552 et
667 1514 768 1553 semen
788 1495 869 1554 illius
891 1497 924 1553 in
948 1497 1150 1556 benedictione
1172 1499 1238 1569 erit,
1259 1500 1291 1556 in

100 1579 243 1632 aternum
256 1575 485 1634 conservabitur.

159 1654 304 1713 Psabraas.

160 1734 235 1792 Noli
257 1737 389 1794 aemulari
411 1737 445 1793 in
468 1735 715 1812 malignantibus:
745 1756 841 1813 neque
862 1737 1001 1797 zelaveris
1022 1738 1162 1798 facientes
1185 1739 1292 1816 iniqui·

98 1820 201 1874 tatem.

159 1895 257 1954 Alircd
270 1896 409 1972 Officium.

161 1973 263 2035 Gloria
284 1978 445 2036 ethonore
468 1979 615 2037 coronasti
637 1998 722 2036 eum:
750 1984 781 2036 et
803 1979 983 2037 constituisti
1006 1999 1074 2037 eum
1095 2000 1183 2056 super
1203 2000 1291 2057 opera

100 2076 243 2114 manuum
256 2064 382 2116 tuarum.

159 2138 305 2196 Pscbrans.

160 2219 288 2277 Domine
312 2219 458 2278 Dominus
479 2226 597 2278 noster:
628 2239 718 2297 quam
744 2221 915 2289 admirabile
942 2228 987 2278 est
1013 2240 1121 2279 nomen
1146 2227 1234 2280 tuum
1258 2223 1292 2280 in
1375 2245 1376 2250 ¹

100 2299 239 2358 universa
250 2306 338 2358 terra

159 2381 200 2438 Et
220 2381 369 2440 sciendam
386 2381 463 2456 qnod
481 2381 581 2438 nenia
592 2382 700 2456 Officia,
717 2381 879 2455 Offirtoria
894 2391 920 2440 et
935 2381 1166 2454 Ooanmnnsbnes,
1184 2393 1244 2440 tane
1257 2384 1292 2441 de

99 2460 194 2519 Fastis
219 2482 309 2537 qnam
332 2463 368 2520 de
391 2461 505 2520 sereitio
531 2462 779 2538 Pascltciinsqne
799 2465 841 2520 aci
860 2463 979 2521 Festum
999 2462 1113 2521 Sanctae
1134 2465 1292 2523 Trinitatis

32 2582 36 2594 .
100 2542 199 2681 debebat
213 2543 366 2600 terminari
379 2563 443 2601 cnnt
455 2542 604 2619 Alleluya

187 2623 271 2681 ratio.

160 2702 281 2776 Praesta,
296 2723 469 2780 quaesumus,
485 2704 670 2780 omnipotens
691 2704 781 2777 Deus,
796 2711 832 2762 ut
853 2705 904 2781 qui
923 2705 1003 2763 beati
1023 2705 1063 2763 N.
1085 2705 1224 2781 martyris
1243 2705 1291 2765 tui

100 2783 237 2856 natalitia
256 2785 386 2857 colimus,
400 2785 607 2842 intercessione
630 2786 693 2861 ejus
713 2786 747 2842 in
769 2786 816 2842 tui
838 2785 967 2844 nominis
988 2805 1086 2844 amore
1110 2788 1289 2845 roboremur.

100 2863 159 2922 Per
172 2865 335 2922 Dominum
348 2871 482 2922 nostrum
495 2865 517 2923 J
518 2885 599 2928 esum
614 2865 775 2924 Christum.

160 2957 255 3015 tatto
269 2957 337 3015 libri
349 2956 502 3033 Sapientia
518 2958 648 3034 (Ecclns.
663 2959 720 3018 nia.
737 2959 793 3031 223
813 2978 857 3018 aa.
875 2959 923 3016 3-6
925 2959 949 3036 )

160 3037 270 3096 Beatus
282 3039 338 3110 vir,
351 3040 402 3115 qui
415 3039 448 3095 in
461 3039 606 3114 sapientia
618 3040 790 3112 morabitur,
802 3045 833 3096 et
847 3041 944 3115 quiin
954 3040 1073 3116 justitia
1087 3038 1288 3111 meditabitur,

101 3123 130 3176 et
142 3118 176 3175 in
188 3138 276 3177 sensu
289 3120 430 3196 cogitabit
443 3119 730 3196 circumspectionem
746 3119 812 3180 Dei.
855 3121 975 3179 Gibabit
986 3121 1071 3178 illum
1086 3140 1161 3197 pane
1175 3122 1244 3177 vitae
1260 3126 1291 3177 et

100 3197 284 3272 intellectam
304 3206 334 3257 et
347 3219 424 3276 aqua
444 3201 594 3276 sapientiae
608 3201 744 3258 salutaris
757 3201 872 3277 potabit
885 3201 979 3259 illum.
1021 3202 1063 3259 Et
1076 3202 1244 3258 firmabitur
1257 3200 1289 3256 in

100 3279 160 3352 illo,
188 3285 218 3338 et
244 3299 305 3337 non
331 3281 483 3339 flectetur:
518 3286 548 3338 et
575 3281 738 3339 continebit
764 3282 850 3338 illum
873 3287 903 3338 et
930 3302 990 3339 non
1015 3283 1213 3339 confundetur
1221 3300 1230 3352 3
1260 3286 1291 3337 et

101 3360 244 3418 exaltabit
267 3361 353 3418 illum
376 3362 454 3439 apud
477 3362 626 3437 proximos
649 3381 724 3420 suos.
774 3362 816 3420 Et
836 3362 956 3421 nomine
980 3368 1089 3420 aeterno
1112 3361 1291 3418 hereditabit

102 3439 186 3498 illum
198 3441 345 3499 Dominus
358 3443 440 3500 Deus
452 3449 558 3501 noster.

160 3533 258 3592 Lectio
272 3534 340 3593 iibri
352 3534 510 3611 Sapientiae
522 3533 650 3612 (Ecclns.
666 3534 744 3592 nnn.
760 3534 855 3612 8-11)

160 3613 271 3672 Beatus
280 3616 335 3688 vir,
347 3617 399 3692 qui
412 3617 551 3673 inventus
565 3623 609 3674 est
622 3617 686 3674 sine
699 3617 822 3688 macula,
839 3616 931 3691 etqui
944 3622 1012 3692 post
1025 3635 1130 3673 aurum
1143 3633 1204 3671 non
1217 3613 1292 3671 abiit

104 3714 191 3771 usqne
203 3696 244 3753 ad
257 3701 287 3753 et
301 3696 496 3771 eleemosynas
509 3696 590 3754 illius
603 3697 752 3754 enarrabit
765 3697 861 3754 omnis
875 3695 993 3754 ecclesia
1006 3702 1181 3753 sanctorum.

161 3786 258 3846 Lectio
272 3787 340 3846 titre·
352 3788 509 3865 Sapientia
521 3789 575 3867 (ia.
594 3788 688 3867 7-15).

160 3868 268 3928 Justus
280 3870 306 3927 si
318 3877 414 3927 morte
433 3876 651 3947 praeoccupatus
671 3871 762 3928 fuerit
778 3890 867 3945 capae
881 3871 922 3928 ad
935 3876 965 3927 et
978 3876 1126 3946 respectus
1140 3869 1173 3926 iu
1185 3869 1292 3927 electos

103 3947 189 4007 illius.

160 4029 256 4088 Lectio
271 4030 339 4088 libri
351 4029 509 4106 Sapientiae
521 4030 566 4108 (a.
585 4032 698 4110 10-14).

160 4110 182 4168 J
183 4117 284 4168 ustum
297 4110 421 4168 deduxit
441 4112 587 4170 Dominus
607 4132 696 4188 usqne
716 4112 757 4169 ad
776 4118 807 4169 et
820 4111 902 4169 dedit
914 4112 960 4169 illi
973 4111 1136 4186 claritatem
1151 4117 1291 4169 aeternam

104 4189 250 4249 Dominus⁴
261 4191 344 4249 Deus
356 4197 462 4249 noster.

159 4282 257 4342 Ecaten
270 4285 407 4361 Epistulae
421 4285 495 4342 tenti
507 4285 600 4343 Panii
612 4285 761 4361 Apostoli:
781 4284 831 4342 Ad
845 4283 1011 4343 Corinthios
1024 4284 1060 4362 (2
1075 4306 1100 4344 a.
1118 4284 1216 4362 l-ll).

160 4363 296 4423 Fratres:
317 4365 430 4423 Scimus
444 4366 584 4442 quoniam
605 4367 631 4424 si
652 4367 802 4424 terrestris
821 4366 924 4423 domus
944 4386 1034 4441 nsqcn
1057 4367 1097 4424 ad
1120 4365 1291 4423 manifestos

102 4461 154 4502 nos
167 4464 234 4520 esse,
251 4446 310 4504 Per
322 4445 427 4505 desum
441 4446 594 4505 Christum
607 4447 771 4505 Dominum
783 4453 924 4504 nostrum.
