2946 5002
164 368 259 437 314³
697 374 824 440 Proca·
855 405 859 412 ·

163 537 292 615 Mystica
304 545 455 616 patrantes
467 541 558 618 signa,
573 560 699 618 superno
711 560 777 598 rore
789 559 867 598 nova
878 538 980 597 bibula
992 538 1145 596 madidant
1157 537 1272 597 intima.

162 618 246 691 Ecce,
262 619 388 693 Christe,
403 640 483 679 nunc
496 628 613 679 caterva
625 628 679 679 tua
691 622 724 678 in
736 621 791 678 hac
804 622 873 678 aula
889 621 1025 678 decantat
1043 619 1181 691 carmina,
1196 626 1232 676 ut
1244 618 1356 676 caelesti

240 701 390 777 permixta
401 703 513 779 agmini
521 702 678 760 indiscrete
691 702 770 760 dicat
782 721 859 759 nova
872 701 929 759 tibi
942 719 1077 775 promens
1090 700 1210 757 cantica.

161 779 208 838 Sit
220 782 358 857 perennis
370 781 500 840 Domino
513 783 614 860 gloria,
629 783 725 853 decus,
737 783 839 856 honor,
849 787 978 858 potestas
991 800 1044 858 per
1053 779 1165 852 saecula,
1180 780 1233 856 qui
1245 779 1356 838 tribuit

242 861 370 938 Spiritus
382 864 507 940 gratiam
521 865 656 921 omnibus
669 883 723 940 per
735 883 807 920 arva
819 862 873 940 qui
885 867 1051 938 sequuntur
1064 862 1126 938 ejus
1140 861 1259 919 monita

160 941 312 1000 Poscimus
325 963 425 1002 omnes
438 951 492 1002 tua
504 944 647 1020 supplices
661 943 816 1020 magnalia,

161 1021 208 1080 Ut
222 1022 347 1082 Sanctus
360 1031 462 1082 nostra
475 1025 603 1101 Spiritus
616 1025 779 1082 emundans
791 1023 900 1082 intima

159 1102 295 1162 Illustret
307 1105 384 1163 clare
397 1105 506 1182 sophia.
547 1104 695 1182 Alleluya.
764 1121 766 1125 ’

677 1331 831 1392 LXXIX

636 1455 736 1513 anrs
749 1470 868 1512 rnsrrs.

297 1534 399 1592 Proca.
441 1532 585 1611 Alleluya

238 1628 357 1700 Grunn,
378 1647 481 1689 nanus
501 1631 660 1705 Eccnnsm,
675 1633 803 1690 filiorum
817 1631 974 1708 adoptione
987 1631 1151 1700 fecundata,

239 1709 319 1780 Quos
332 1710 460 1788 Spiritus
473 1712 604 1770 almiflua
617 1720 790 1789 cooperante
804 1712 906 1770 Sancti
918 1713 1074 1789 parturisti
1084 1713 1188 1790 gratia

237 1790 277 1848 In
289 1790 337 1848 his
349 1811 417 1868 ergo
430 1791 535 1851 devote
548 1813 629 1851 sacra
641 1793 802 1851 sollemniis
815 1812 910 1870 pange
924 1792 989 1851 Deo
1003 1794 1124 1866 cantica,

238 1871 352 1941 Quibus
366 1871 670 1947 SanctusParaelitus
683 1873 807 1950 largitus
820 1879 865 1932 est
878 1873 964 1931 nobis
977 1893 1030 1931 sua
1043 1874 1227 1932 charismata
1273 1926 1275 1930 .

236 1951 305 2010 Hae
317 1972 444 2029 namque
457 1955 489 2011 in
503 1955 549 2012 die
562 1955 716 2031 repentino
730 1957 828 2012 sonitu
841 1954 952 2012 mundo
966 1955 1121 2012 intonante
1134 1956 1207 2012 hora
1220 1955 1311 2013 tertia

235 2031 387 2110 Apparens
397 2035 430 2091 in
439 2034 518 2128 igne
516 2034 704 2093 alumnorum
711 2044 830 2112 pectora
837 2035 951 2092 virtute
959 2035 1060 2092 divina
1073 2035 1172 2093 reddit
1181 2035 1336 2113 flagrantia
1341 2056 1351 2110 5

236 2113 371 2183 Quorum
383 2116 535 2191 praeconiis
547 2135 628 2174 sacra
641 2123 817 2175 emanarunt
830 2116 900 2173 vitae
913 2116 1098 2192 dogmata,

236 2194 350 2263 Quibus
364 2215 417 2254 nos
430 2196 647 2255 mundantes
619 2217 688 2255 vrva
701 2196 789 2274 digne
803 2196 860 2253 sibi
873 2215 1069 2274 praeparemus
1082 2196 1203 2273 templa,

236 2273 300 2333 Nos
313 2275 370 2333 sibi
383 2276 528 2354 possideat
541 2278 682 2354 quatinus
695 2277 872 2344 habitacula,

235 2355 398 2432 Secumque
411 2377 463 2416 nos
476 2358 514 2415 ad
527 2379 580 2416 sua
593 2358 764 2416 transvehat
777 2357 895 2434 palatia,

234 2436 300 2495 Ubi
312 2445 453 2514 perpetua
466 2459 629 2497 mereamur
638 2438 796 2517 jocundari
808 2439 909 2515 gloria,

233 2516 333 2594 Atque
346 2519 409 2577 sine
421 2520 480 2577 fine
493 2540 563 2578 voce
577 2521 674 2578 Deum
688 2519 808 2578 laudare
821 2518 996 2595 hymnidica

234 2597 363 2674 Spiritus
376 2601 451 2659 alme
464 2621 518 2658 nos
531 2601 615 2658 vitiis
628 2600 745 2670 munda,
759 2600 908 2657 virtutum
920 2599 1041 2657 floribus
1054 2618 1134 2671 orna,

232 2678 279 2736 sit
291 2681 350 2737 tibi
361 2681 455 2758 gloria
468 2703 535 2740 cum
548 2683 637 2740 Patre
651 2689 681 2740 et
695 2682 786 2753 Nato,
801 2682 853 2759 qui
865 2699 969 2757 regnas
981 2699 1059 2737 unus
1072 2681 1154 2739 Deus
1166 2698 1219 2756 per
1232 2679 1324 2738 saecla.

680 2908 814 2967 LXXX.

516 3030 649 3101 ,Psannn
669 3047 783 3090 nrarca
801 3030 966 3089 casurus*

292 3109 454 3186 sapentia.

231 3204 350 3262 Psrnnn
369 3222 480 3264 arares
500 3223 638 3264 casurus
653 3206 786 3282 jubilans
799 3206 929 3264 Domino
942 3207 1073 3265 turmula

232 3285 365 3343 Praesens
379 3307 458 3344 mera
471 3307 538 3345 cum
551 3288 733 3363 symphonia

231 3367 296 3444 Ipsi
308 3386 378 3424 nam
390 3368 529 3425 condecet
542 3369 606 3425 laus
621 3367 675 3444 (et)
689 3368 800 3445 gloria3

232 3447 328 3517 Quem
341 3447 443 3506 laudat
455 3448 489 3505 in
501 3450 571 3506 caelo
584 3449 716 3524 angelica
729 3449 867 3506 universa
879 3449 1017 3527 dignitas.

178 3518 181 3537 ¹
232 3529 264 3585 Is
277 3529 356 3585 enim
370 3529 441 3602 caeli,
456 3534 551 3603 terrae,
566 3530 741 3599 machinam,

231 3609 363 3685 Pelagus
378 3574 467 3685 atqire
480 3629 518 3666 ex
532 3575 625 3667 riihilo
639 3630 704 3686 quae
719 3616 789 3667 sunt
803 3610 914 3668 creavit
928 3611 1034 3668 omnia

230 3690 263 3746 Is
276 3689 421 3766 dejectum
436 3690 662 3748 Paradisicolom
675 3691 796 3748 reduxit
808 3691 845 3748 ad
859 3697 969 3748 aeterna
982 3693 1053 3748 vitae
1066 3710 1181 3768 pascua,

232 3769 356 3827 Carnem
364 3790 479 3828 sumens
487 3791 541 3847 pro
549 3772 633 3828 nobis
640 3771 799 3828 humanam
807 3779 895 3829 natus
903 3762 997 3828 matre
1003 3771 1041 3829 de
1051 3791 1121 3829 vera
1128 3771 1344 3846 sanctaMaria,

230 3851 356 3928 Virgine
370 3858 456 3909 casta
878 3885 879 3890 κ

229 3930 312 3990 Hinc
325 3933 419 3990 crucis
432 3932 571 4008 mysterio
584 3933 740 3990 devastans
753 3938 877 3990 mortem
892 3933 1019 3990 claustra
1030 3899 1122 4010 fregit
1136 3933 1299 3991 infernalia

230 4011 462 4089 Chirographum
476 4013 604 4089 antiquae
619 4007 867 4088 praevaricationis
880 4012 979 4070 delens
992 4019 1088 4072 morte
1101 4034 1162 4073 sna

230 4091 279 4150 Sic
291 4112 421 4170 surgens,
440 4094 566 4151 Zabulos
579 4096 627 4151 tri
630 4094 770 4170 lmphata
785 4094 832 4152 die
846 4093 936 4152 tertia

231 4173 321 4242 Queis
334 4176 404 4231 fisus
417 4175 551 4232 furerat
526 4194 589 4251 eJus
602 4195 684 4232 arma
697 4174 793 4232 aufert
807 4175 906 4232 omnia

229 4253 315 4312 Forti
327 4247 451 4312 dextra:

230 4333 362 4411 Ejusque
375 4342 481 4394 cuncta
494 4336 586 4412 spolia
599 4337 740 4414 diripiens
753 4335 835 4394 vehit
845 4355 942 4396 seeum
956 4334 994 4393 ad
1006 4341 1096 4408 astra,

432 4487 445 4512 ¹
461 4486 579 4537 Hereford
589 4486 717 4533 Missal—“
725 4485 795 4533 Fene
805 4491 874 4534 sexta
882 4489 938 4546 post
948 4486 1062 4534 Pascha)
