2946 5002
125 292 128 298 .
201 326 263 388 100
632 324 726 391 Festo
747 321 951 410 Septembris.

259 488 402 547 Memorio
415 489 449 548 de
463 497 560 548 roseto
575 489 724 564 Gorqoaio.
768 489 875 548 Oratio.

259 569 368 626 Beatus
394 576 508 646 martyr
539 576 610 628 tuus
643 571 816 647 Gorgonius,
844 569 980 640 Domine,
1009 587 1061 625 sua
1094 585 1147 624 nos
1180 563 1386 622 intercessione

197 648 335 720 laetificet,
351 655 381 706 et
393 651 443 726 pia
456 651 544 708 faciat
557 651 752 709 sollemnitate
765 650 898 728 gaudere.
941 649 999 708 Per
1012 647 1182 706 Dominum.

258 741 399 816 Epistola.
441 743 493 800 Ab
506 743 601 800 initio.

260 833 394 893 Grodok.
437 835 604 894 Benedicta

257 914 407 991 Alleluya.
455 917 484 976 V.
506 917 578 976 Post
591 923 711 994 partum
724 917 815 994 virgo.

256 1006 413 1082 Sequentia
426 1007 511 1084 infra
525 1008 654 1080 Ootovor,
669 1019 703 1066 at
715 1007 936 1086 irrfroOetoooa
948 1006 1171 1083 Aasomptiom'a

257 1100 457 1176 Eoosqelimm.
500 1102 652 1177 Loquente
665 1102 747 1162 Jesu.

258 1191 449 1266 Offertortum.
492 1194 578 1252 Felix
591 1215 726 1272 namque.

257 1283 378 1344 Secreto.
422 1286 588 1364 Unigeniti

256 1377 481 1530 diiamSiiliitdit,
496 1459 631 1532 Domine,
647 1479 821 1536 quaesumus,
836 1464 943 1518 nostrae
957 1457 1108 1518 servitutis
1126 1455 1244 1528 oblatio,
1260 1474 1313 1532 pro
1327 1475 1386 1532 qua

195 1544 315 1597 sanetus
329 1539 495 1616 Gorgonius
508 1545 623 1616 martyr
634 1540 822 1599 interveniat.
865 1541 924 1599 Per
937 1540 1107 1598 Dominum.

256 1631 406 1707 Praefatio.
450 1632 491 1690 Et
503 1638 535 1690 te
548 1633 581 1690 in
593 1632 762 1695 nativitate.

255 1723 474 1863 &tillido
487 1805 591 1862 Mariae
604 1805 735 1882 virginis,
751 1825 816 1882 quae
829 1808 1022 1882 portaverunt
1035 1805 1140 1864 aeterni
1152 1804 1251 1864 Patria
1265 1802 1384 1862 Filium.
1455 1817 1459 1830 ·

254 1897 494 1958 Postoommaaio.
537 1898 729 1976 Sumpsimus,
745 1898 880 1958 Domine.

254 1988 329 2047 Atta
341 1990 581 2051 Poateommaoio.

255 2069 412 2129 Familiam
431 2077 524 2144 tuam,
539 2070 674 2144 Domine,
690 2071 819 2129 suavitas
842 2071 894 2127 illa
915 2071 1067 2147 contingat
1089 2076 1120 2130 et
1141 2077 1266 2148 vegetet,
1280 2091 1339 2149 qua
1352 2072 1384 2128 in

195 2156 401 2295 ffiffintuo
426 2151 573 2230 Gorgonio
594 2152 707 2210 Christi
726 2152 773 2209 tui
794 2153 871 2211 bono
894 2151 982 2210 odore
998 2152 1114 2230 jugiter
1132 2158 1276 2230 pascatur.
1326 2152 1386 2210 Per

568 2411 684 2469 Taamo
704 2427 759 2468 nm
779 2410 829 2489 (iv.
845 2411 890 2468 Id.
906 2411 1010 2490 Sept),

605 2505 781 2581 Ntrtfmrtt
795 2506 856 2565 dios
868 2507 969 2566 Mace.
1011 2535 1013 2540 ·

255 2643 395 2718 Offioiemr.
438 2643 624 2702 Gaudeamus
637 2663 737 2702 omnes
750 2644 782 2702 in
796 2644 934 2703 Domino

254 2724 364 2783 Oratio.
406 2724 665 2800 supplicationem.

253 2803 395 2880 Epistola.
438 2805 710 2881 Oquampulehra.

255 2883 388 2942 Gaudos.
431 2885 596 2943 Audifilia.
764 2937 767 2941 .

254 2964 402 3041 Alleluya.
451 2965 479 3025 V.
505 2965 663 3025 Nativitas.

253 3044 453 3120 Evangelierm.

252 3125 384 3183 Intravit
396 3126 419 3184 J
420 3145 484 3184 esus
497 3127 531 3184 in
544 3127 690 3204 quoddam
703 3126 864 3202 castellum,
878 3127 1019 3204 quarela
1032 3128 1081 3201 die
1092 3127 1314 3206 Asmmptiorria

254 3216 446 3292 offortorium.
488 3219 556 3278 Ave
570 3219 675 3279 Maria.

254 3297 434 3359 Coroneam.
476 3299 644 3358 Benedicta

253 3376 428 3438 Altemate'm
450 3378 535 3454 infra
559 3379 679 3439 Ootooaa
702 3380 839 3440 detoratur
861 3381 991 3440 lem-dam
1010 3383 1117 3455 Missa,
1131 3383 1176 3442 tto
1195 3393 1290 3442 tortere
1302 3383 1383 3460 quod

191 3459 348 3536 ermperto
360 3460 407 3518 die
417 3459 574 3519 Domtaieo
583 3460 700 3519 dicator
710 3460 849 3536 Officium,
862 3462 1064 3539 Gaudeamus3
1076 3473 1104 3524 et
1113 3464 1147 3523 ire
1156 3463 1245 3524 Fortu
1253 3466 1380 3527 eomodo

189 3541 320 3616 sequenti
332 3541 448 3600 dicotur
462 3539 601 3616 Officium,
616 3541 712 3616 Salve,
725 3549 825 3602 sancta
836 3562 949 3621 parens.

389 3785 438 3843 Dn
458 3800 570 3844 smero
592 3785 932 3860 Goaeomo,1mmm1r.
976 3789 1016 3868 (v.
1031 3790 1077 3852 Id.
1092 3790 1185 3871 Sept)

254 3932 393 4008 Officium.
435 3932 537 3991 Gloria
550 3938 580 3990 et
593 3933 709 3992 honore.

252 4013 393 4088 Epistola.
436 4013 546 4071 Beatus
559 4014 614 4086 vir,
630 4014 682 4091 qui
694 4015 832 4074 inventus
846 4021 884 4075 et

253 4092 386 4152 Gradole.
428 4093 541 4152 Posuit.

250 4173 397 4251 Alleluya
446 4174 475 4233 V.
497 4175 604 4233 duetus
616 4176 928 4238 noneonturbabitur.

249 4253 449 4328 Evangelimm
493 4256 526 4313 si
539 4256 604 4331 quis
616 4256 699 4315 venit
712 4257 749 4315 ad
762 4276 816 4315 me.

252 4331 441 4407 offertorium
483 4335 619 4394 Posuisti.

251 4412 431 4475 Commutato.
474 4416 585 4495 Magna
598 4422 643 4476 est
655 4416 748 4496 gloria
761 4418 831 4496 ejus.
