2946 5002
189 315 253 378 232
498 309 542 373 In
573 305 774 373 Vieitotioae
794 311 917 370 soaotoe
937 301 1070 368 Morio.
1127 377 1128 380 Ἴ

349 474 511 552 Sequentia.

534 554 625 624 Veni,
638 552 775 630 praecelsa
788 551 925 623 Domina,

574 635 682 706 Maria,
696 640 732 691 tu
744 652 798 690 nos
811 631 908 699 visita,

574 716 683 792 AEgras
696 720 810 772 mentes
823 713 960 771 illumina

574 796 634 854 Per
646 814 728 853 saera
740 795 811 851 vitae
824 793 955 851 numina

535 888 625 960 Veni,
640 886 784 945 salvatrix
797 887 904 957 saeculi,

576 968 681 1027 Sordes
695 967 778 1025 aufer
790 967 900 1043 piaculi
906 987 921 1039 5,

576 1050 614 1107 [n
628 1048 776 1106 visitando
789 1047 932 1124 populum
1035 1106 1037 1110 ,

575 1130 673 1187 Paenae
687 1128 774 1186 tollas
787 1128 944 1204 piaculum.

536 1223 626 1294 Veni,
641 1221 743 1297 regina
755 1221 899 1298 gentium,

577 1303 653 1361 Dele
665 1303 799 1359 flammas
812 1308 947 1359 reatuum
959 1322 967 1374 ;

479 1410 481 1414 ⁸
577 1383 660 1459 Rege
674 1382 867 1458 quodeunque
880 1382 1019 1454 devium3

577 1464 626 1522 Da
639 1464 734 1540 vitam
747 1464 959 1521 innocentium.

540 1556 631 1628 Veni,
641 1563 679 1614 ‘ut
693 1576 784 1613 anum
797 1555 900 1613 visites
911 1575 920 1628 3

556 1635 683 1709 *Maria
697 1637 775 1694 vires
787 1636 916 1710 robores,

578 1718 704 1776 Virtute
717 1718 793 1776 sacri
805 1717 935 1794 impetus

578 1799 779 1857 Infiuetuetur
791 1797 935 1857 animus*

539 1893 629 1964 Veni,
644 1890 730 1949 stella
743 1892 798 1949 lux
810 1892 947 1962 marium,

579 1973 710 2030 Infunde
722 1972 802 2049 pacis
815 1972 940 2042 radium,

579 2053 720 2111 Exsultet
730 2072 779 2110 cor
791 2052 824 2109 in
833 2053 965 2128 jubilum

580 2135 603 2192 J
603 2133 727 2193 ohannis
741 2139 810 2191 ante
825 2132 997 2192 Dominum.

541 2226 631 2298 Veni,
646 2227 731 2303 virga
743 2226 895 2302 regalium,

582 2309 685 2366 Reduc
698 2307 807 2364 fluctus
820 2307 982 2365 errantium

581 2388 634 2446 Ad
647 2387 795 2445 unitatem
808 2387 885 2457 fidei,

583 2469 623 2527 In
636 2489 695 2546 qua
708 2468 862 2526 salvantur
876 2467 973 2525 eaelioi.

544 2561 634 2634 Veni,
649 2561 772 2618 demitte
785 2559 914 2637 Spiritus

587 2642 688 2700 Sancti
701 2642 778 2699 dona
791 2641 973 2717 propensius,

586 2723 635 2781 Ut
648 2722 810 2798 dirigamur
823 2723 931 2795 rectius

587 2803 626 2859 In
640 2803 729 2878 hujus
742 2803 813 2859 vitae
826 2802 947 2859 actibus.

548 2896 640 2967 Veni,
654 2895 807 2952 laudemus
821 2893 940 2964 Filium,

587 2976 755 3033 Laudemus
770 2975 913 3032 Sanctum
927 2974 1083 3051 Spiritum,

589 3057 758 3114 Laudemus
771 3056 891 3113 Patrem
905 3057 1036 3129 unicum,

590 3137 650 3205 Qui
664 3131 748 3195 nobis
762 3137 813 3194 det
826 3137 978 3195 auxilium.

264 3249 464 3324 Euemeriam.
507 3249 675 3308 Secundum
686 3249 808 3308 Lucam.
1188 3315 1190 3319 ,

148 3443 151 3448 ι
205 3330 369 3469 adelaidim
382 3335 523 3406 tempore,
538 3331 709 3409 Exsurgens
723 3331 821 3388 Maria
840 3329 915 3389 abiit
935 3330 968 3387 in
988 3335 1138 3403 montana,
1153 3338 1180 3389 et
1200 3339 1299 3403 cetero,
1316 3339 1351 3390 ut
1371 3332 1405 3390 in

267 3504 458 3578 Offertorium.
502 3504 587 3562 Filiae
600 3524 713 3582 regum,
729 3513 763 3561 ut
776 3505 810 3561 in
825 3502 989 3564 Communi.

265 3597 385 3655 Secreto.

266 3678 460 3754 Omnipotens
473 3677 650 3754 sempiterne
663 3676 755 3748 Deus,
767 3676 819 3753 qui
833 3696 933 3734 curam
948 3677 984 3736 de
998 3677 1134 3736 omnibus
1146 3677 1180 3735 in
1192 3683 1224 3736 te
1233 3678 1406 3737 confidenti·

205 3759 261 3816 bus
293 3778 407 3835 semper
434 3757 542 3831 habes3
568 3764 684 3835 praesta,
707 3776 884 3833 quaesumus,
906 3764 942 3815 ut
961 3778 1014 3835 per
1034 3759 1214 3817 oblationem
1236 3779 1326 3836 quam
1347 3759 1407 3818 tibi

205 3839 363 3911 offerimus,
376 3839 575 3896 visitationem
593 3837 748 3914 specialem
761 3839 847 3896 beate
860 3838 997 3915 Virginis
1013 3839 1047 3896 in
1059 3841 1168 3899 nostris
1181 3840 1406 3899 necessitatibus

205 3921 375 3979 sentiamus
408 3919 468 3977 Per
481 3919 652 3977 Dominum.
739 3924 742 3928 ’
1233 3984 1236 3988 ,

266 4012 416 4088 Proefatio.
459 4010 501 4069 Et
513 4016 545 4070 te
558 4012 591 4068 in
605 4011 788 4070 Visitatione
800 4011 894 4069 beatae
908 4011 1022 4086 Mariae,
1037 4022 1063 4073 et
1077 4021 1175 4074 cetera.
1196 4013 1199 4017 ’
1320 4087 1330 4108 ,

269 4106 451 4166 Communia.
495 4106 589 4164 Beata
602 4105 715 4164 viscera
728 4103 833 4164 Mariae
847 4105 979 4184 virginis.

414 4251 427 4276 ³¹
442 4249 562 4297 Hereiord
571 4249 702 4297 Missah-
809 4288 812 4294 .

648 4321 733 4379 Maria,
743 4320 807 4367 vires
816 4319 915 4366 robores

648 4381 746 4426 Virtute
756 4381 819 4429 seori
829 4380 942 4450 impetus,

647 4440 685 4487 No
695 4441 825 4495 fluctuetur
834 4453 936 4486 enimus.
