2978 4966
578 383 674 448 Festo
694 383 770 469 sept
757 383 898 450 membru
958 336 960 341 Ι

252 600 362 668 Eoum
382 627 436 669 om
455 627 633 671 sancronuu
653 628 822 672 uramur
843 613 939 673 Prorr
960 630 998 674 ar
1017 561 1225 681 Hirsutum!

627 710 672 790 (ιίὶι
640 711 741 771 111..Id
758 712 851 792 Sept.)
1144 718 1152 724 '

207 821 344 894 Officium.
386 824 570 884 Judicabunt
583 826 686 885 sancti.

207 901 314 961 Oratio.

204 981 289 1039 Beati
310 983 395 1041 Proti
415 1005 476 1057 nos,
491 987 626 1058 Domine,
642 992 672 1044 et
686 986 852 1062 Hyacinthi
870 988 969 1046 foveat
987 989 1115 1065 pretiosa
1134 982 1282 1062 confessio,
1298 995 1344 1087 ct.
1358 1040 1366 1050 ..

144 1060 493 1137 piajugiterintercessio
506 1072 633 1126 tueatur.
675 1067 917 1130 PerDominum.

203 1142 342 1216 Epistola.
385 1145 501 1205 Reddet
514 1148 603 1206 Deus.

206 1222 338 1283 Grudale.
381 1226 536 1285 Justorum
550 1229 662 1286 animae.

202 1303 349 1381 Alleluya
397 1307 426 1367 V
450 1308 550 1367 Sancti
563 1310 619 1381 tui,
634 1310 768 1368 Domine.

143 1441 145 1446 ,
202 1384 401 1460 Eoouqeliam.
444 1389 584 1465 Egressus
596 1390 619 1448 J
619 1410 684 1448 esus
697 1392 733 1449 de
746 1391 863 1468 templo.

205 1463 658 1537 Offertoriuaa.Gloriabunt11r.

203 1544 323 1604 Secreta.

203 1623 262 1684 Pro
282 1633 451 1686 sanctorum
469 1637 632 1707 martyrum
647 1637 767 1689 tuorum
786 1631 870 1690 Proti
890 1638 920 1689 et
940 1631 1106 1707 Hyacinthi
1121 1650 1326 1689 commemora·

143 1704 224 1762 tione
248 1726 371 1766 munera
393 1711 458 1783 tibi,
482 1712 618 1783 Domine,
641 1733 705 1789 quae
727 1714 873 1783 debemus,
896 1711 1092 1770 exsolvimus·
1082 1756 1092 1785 ,
1115 1716 1230 1788 praesta
1255 1731 1330 1788 quae-

143 1804 251 1857 sumus,
266 1795 302 1845 ut
314 1791 476 1848 remedium
489 1793 573 1848 nobis
585 1799 732 1871 perpetuae
746 1794 850 1850 salutis
863 1798 1026 1868 operentur.

205 1867 385 1929 Communia.
429 1871 515 1941 Quod
528 1873 600 1931 dico.

203 1948 442 2009 Postcommuac'o.

204 2028 251 2086 Ut
276 2038 413 2108 percepta
442 2051 505 2103 nos,
533 2032 668 2105 Domine,
695 2039 748 2091 tua
775 2040 875 2093 sancta
900 2032 1066 2108 purificent,
1087 2032 1165 2090 beati
1188 2031 1273 2090 Proti
1299 2038 1330 2089 et

144 2106 318 2247 {pracpnthi
334 2132 507 2188 quaesumus,
522 2114 658 2190 imploret
676 2114 778 2172 oratio.
819 2114 879 2172 Per
896 2113 1058 2172 Dominum
1074 2119 1209 2171 nostrum
1222 2113 1245 2171 J
1246 2132 1327 2171 esum

204 2209 229 2246 rs
244 2210 302 2249 um.

267 2370 379 2430 Smcrr
400 2372 563 2446 Mnurmn,
585 2389 999 2433 ue1scor1nrcorrussoa1s.
1042 2373 1099 2452 (Id.
1116 2372 1207 2450 Sept.)

205 2503 343 2576 Officium.
387 2503 498 2562 Statuit
511 2505 540 2562 ci
553 2505 705 2563 Dominus,

205 2583 313 2641 Oratio.
355 2583 412 2655 Da,
427 2604 600 2661 quaesumus,
616 2587 801 2662 omnipotens
815 2584 905 2643 Deus.

202 2663 343 2738 Epistola.
387 2665 491 2722 Omnis
503 2666 645 2741 pontifex.

205 2742 338 2803 Grodule.
381 2745 490 2803 Inveni
503 2745 610 2804 David.

116 2848 119 2852 ·
202 2824 350 2900 Alleluya
399 2826 428 2885 V.
450 2825 541 2883 Posui
553 2826 740 2904 adjutorium.

200 2904 400 2978 Eooapelc‘om.
444 2906 503 2976 Qui
516 2907 671 2965 vosaudit.

205 2984 396 3058 offertorium.
439 2986 568 3045 Veritas.

204 3064 384 3124 Gornmuaio.
427 3067 562 3140 Domine,
578 3068 708 3147 quinque
720 3067 832 3125 talenta
845 3066 1002 3125 tradidisti.

254 3268 413 3328 Domuum
434 3285 527 3329 mres
547 3270 686 3331 Ocravas
706 3271 907 3330 Narrvrmms
927 3270 1074 3328 Vmomrs
1094 3269 1218 3328 Mamm

205 3408 343 3484 Officium.
386 3409 572 3469 Gaudeamus
592 3430 701 3483 omnes,
716 3419 742 3468 ct
760 3419 850 3469 cetero
869 3411 944 3468 sicut
963 3410 997 3467 ia
1018 3410 1074 3482 die,
1088 3429 1165 3467 more
1184 3407 1332 3483 Simplicis

143 3489 225 3548 Festo·
236 3511 336 3548 nouom
349 3491 517 3549 Lectionum
528 3500 635 3567 preater
657 3489 844 3572 [depuratius
858 3511 923 3565 quoe
938 3510 993 3566 per
1011 3490 1141 3548 ordinem
1161 3490 1293 3547 dicautur
1306 3498 1332 3546 ot

138 3571 351 3709 {Zmil-mm.
374 3569 413 3652 F]
441 3573 641 3648 Euangelium,
670 3573 747 3649 qaod
774 3572 828 3630 crit
854 3571 985 3630 Intravit
1011 3571 1099 3629 Jesus
1125 3571 1158 3627 in
1185 3569 1330 3646 quoddam

237 3830 278 3887 Iu
297 3830 395 3888 Fusco
415 3830 642 3890 Emnramouls
663 3847 783 3890 sarcre
803 3830 921 3890 Caucis.
966 3828 1060 3908 (xviii.
1076 3828 1145 3886 Kal.
1162 3827 1240 3906 Oct.)

205 3967 344 4062 Officium.
386 3968 450 4026 Nos
463 3974 562 4027 autem
574 3969 701 4046 gloriari,
715 3977 750 4027 ut
762 3969 796 4027 ia
807 3966 1078 4030 Oormnomoratioae
1090 3973 1195 4025 sauata
1207 3963 1318 4024 Crucis.

204 4048 365 4206 &diioui
382 4129 540 4206 Unigeniti
556 4130 627 4187 Filii
640 4130 694 4202 tui,
714 4129 837 4187 Domini
854 4129 958 4200 nostri,
980 4127 1003 4187 J
1004 4147 1055 4185 esu
1075 4125 1186 4186 Christi
1206 4125 1334 4202 pretioso

145 4209 285 4286 sanguine
306 4209 469 4268 humanum
490 4230 581 4287 genus
602 4210 744 4268 redimere
767 4210 906 4285 dignatus
927 4229 966 4281 ea,
985 4207 1108 4266 concede
1128 4207 1280 4282 propitius,
1297 4211 1335 4263 ut

145 4289 198 4366 qui
217 4289 255 4348 ad
274 4290 452 4349 adorandam
472 4291 619 4349 vivificam
639 4309 753 4348 crucem
775 4289 946 4362 adveniunt,
968 4308 986 4346 a
1008 4292 1194 4364 peccatorum
1215 4305 1335 4346 suorum

145 4370 271 4429 nexibus
290 4370 460 4443 liberentur.
503 4371 562 4430 Per
581 4371 713 4429 eundem.

549 4500 562 4527 ³¹
578 4499 650 4547 Mes.
660 4500 708 4546 and
718 4499 936 4546 Edu-momen.
