2946 5002
583 290 683 358 Festo
703 291 865 391 Augusti.
1284 293 1328 356 83

179 455 380 612 didm
384 537 480 616 gratia
492 537 587 615 plena,
598 523 746 597 Dominus
754 544 871 598 tecum:
891 535 1047 597 benedicta
1056 542 1091 594 tu
1101 537 1134 594 in
1143 535 1327 611 mulieribus,

116 623 152 679 et
164 618 339 678 benedictus
356 619 471 678 fluctus
484 620 599 678 ventris
612 619 666 678 tui.

180 715 303 776 Secreta.
652 723 656 731 '

182 797 355 871 Subveniat,
368 817 546 875 quaesumus,
561 798 699 872 Domine,
714 797 794 876 plebi
807 803 867 855 tuae
881 796 940 854 Dei
953 796 1110 874 genetricis
1123 796 1227 870 oratio,
1238 816 1328 873 quam

116 877 178 936 etsi
189 897 245 956 pro
258 879 428 938 conditione
443 879 540 937 carnis
557 879 697 956 migrasse
719 879 928 954 cognoscimus,
947 878 979 935 in
1002 877 1112 936 oaelesti
1132 877 1227 957 gloria
1246 878 1326 955 apud

116 978 174 1038 pro
187 959 274 1018 nobis
287 979 370 1019 orare
383 960 553 1019 sentiamus,
596 960 655 1018 Per
668 960 796 1018 eundem
808 959 982 1018 Dominum.
1060 962 1064 973 “

180 1055 333 1134 Praefatio.
374 1057 417 1116 Et
429 1062 461 1117 te
473 1058 507 1116 in
520 1058 742 1138 Assumptione.

182 1155 366 1217 communio.

101 1272 106 1280 -
180 1236 344 1297 Benedicta
356 1256 375 1295 a
387 1236 449 1295 filio
467 1243 529 1311 tuo,
547 1238 686 1311 Domina,
704 1238 776 1315 quia
797 1256 851 1314 per
871 1242 902 1295 te
923 1236 1055 1295 fructum
1072 1234 1144 1295 vitae
1165 1235 1327 1297 communi·

118 1316 261 1378 cavimus.
1259 1330 1261 1335 '

181 1415 424 1475 Portcommum'o.

181 1495 294 1554 Mensae
321 1496 446 1556 delestis
472 1496 629 1574 participes
656 1496 761 1571 effecti,
790 1497 983 1574 imploramus
1017 1495 1204 1554 clementiam
1231 1501 1323 1569 tuam,

93 1576 250 1636 ·Domine
278 1577 361 1635 Deus
387 1583 487 1637 noster
497 1598 507 1649 ;
540 1584 576 1636 ut
602 1580 654 1654 qui
681 1579 757 1636 festa
783 1578 842 1636 Dei
864 1577 1022 1656 genetricis
1046 1577 1177 1646 colimus,
1198 1597 1218 1634 a
1239 1577 1326 1635 malis

114 1658 345 1798 {rppminentibus
377 1658 442 1735 ejus
475 1659 732 1718 intercessionibus
765 1659 934 1719 liberemur.
989 1658 1049 1716 Per
1075 1657 1209 1716 eundem.
1266 1656 1327 1728 Qui

167 1757 228 1798 um·
793 1760 796 1765 .

178 1830 217 1890 H
214 1851 246 1892 oc
258 1831 342 1892 modo
355 1831 469 1892 docetur
482 1833 579 1892 Missa
592 1815 675 1910 lusco
695 1836 816 1894 Octccar
828 1833 888 1891 oiri
901 1833 936 1891 irc
949 1828 1114 1891 Domitios.

186 1929 326 2006 Officium.
369 1930 558 1991 Gaudeamus
572 1952 673 1990 omnes
686 1934 720 1991 in
733 1933 870 1991 Domino.

185 2029 296 2090 crarta
338 2028 525 2091 Veneranda.

179 2121 324 2199 Epistodt.
366 2121 407 2179 In
421 2122 558 2180 omnibus
570 2124 712 2201 requiem.

181 2218 320 2278 credat.
360 2217 489 2296 Propter
502 2221 669 2280 veritatem.

179 2300 332 2377 Alleluya.
380 2299 410 2359 V.
431 2301 598 2380 Assumpta
612 2310 657 2362 est
671 2302 770 2360 Maria
782 2303 816 2361 in
830 2301 923 2361 caelos.

128 2492 131 2499 Ι
178 2398 285 2476 Primo
298 2393 443 2492 dieiofru
462 2418 583 2476 Octaccs
595 2417 813 2494 Assumptioois
827 2416 913 2476 bootae
926 2413 1043 2474 Μανία.
1086 2411 1252 2489 Sequentia.

448 2524 515 2581 Ave
530 2523 635 2598 Maria,
652 2525 748 2602 gratia
761 2525 868 2601 plena3

447 2605 597 2662 Dominus
610 2612 719 2679 tecum,
733 2606 818 2682 virgo
833 2622 944 2662 serens..

448 2686 612 2744 Benedicta
625 2693 660 2743 tu
673 2687 707 2744 in
720 2685 904 2757 mulieribus,

449 2767 522 2838 Quae
536 2768 678 2844 peperisti
690 2787 792 2844 pacem
805 2765 977 2824 hominibus

489 2849 532 2905 Et
545 2849 657 2924 angelis
671 2849 796 2926 gloriam
809 2869 816 2906 z

448 2929 491 2988 Et
504 2929 676 2987 benedictus
690 2932 804 2987 fructus
818 2928 932 2986 ventris
946 2926 1001 2999 tui,

448 3011 511 3082 Qui
524 3010 687 3069 cohaercdes
701 3017 737 3068 ut
751 3029 879 3068 essemus
893 3009 948 3082 sui,

490 3092 555 3150 Nos
568 3092 640 3151 fecit
653 3112 706 3168 per
718 3093 853 3169 gratiam.

450 3189 510 3248 Per
523 3191 578 3248 hoc
592 3195 694 3247 autern
708 3190 776 3247 Ave

450 3271 567 3329 Mundo
581 3277 643 3328 tam
657 3290 756 3342 suave,

491 3352 604 3410 Contra
618 3353 713 3409 carnis
723 3352 794 3427 jura

451 3432 591 3490 Genuisti
604 3433 726 3509 prolem,

451 3514 574 3572 Novum
588 3513 674 3571 stella
688 3513 779 3570 solem

492 3595 581 3653 Nova
595 3595 740 3672 genitura.

450 3693 499 3751 Tu
512 3693 598 3770 parvi
611 3698 641 3750 et
654 3691 757 3768 magni

452 3775 561 3832 Leonis
575 3780 605 3832 et
618 3773 703 3849 Agni

451 3856 614 3913 Salvatoris
629 3852 742 3911 Christi

451 3936 608 4012 Templum
622 3933 777 4006 exstitisti,
853 3940 857 3947 '

493 4017 551 4074 sed
565 4016 649 4092 virgo
663 4016 783 4073 intacta.

451 4097 499 4155 Tu
512 4098 593 4155 floris
607 4105 638 4154 et
651 4097 725 4159 roris

452 4178 544 4236 Panis
559 4184 588 4235 et
602 4178 736 4254 pastoris,

451 4258 616 4336 Virginum
629 4259 739 4334 regina,

453 4340 535 4399 Rosa
548 4340 611 4397 sine
624 4340 718 4415 spina,

494 4419 640 4480 Genetrix
653 4439 683 4478 es
696 4421 793 4493 facta3
