2946 5002
152 343 215 403 118
612 341 707 406 Festa
731 339 884 406 Octobris.

144 505 265 563 Harum
278 525 406 583 namque
420 507 586 564 constantia
599 508 742 583 probatur
752 527 791 565 ex
804 507 1031 584 perseverantia,

146 586 233 656 Quod
247 586 397 644 declarant
411 589 567 663 praesentia
580 589 729 665 virginum
749 589 825 645 festa
838 588 998 645 sollemnia.

146 667 215 724 Hac
228 669 329 743 itaque
343 669 390 724 die
404 669 598 725 sacratissima
614 669 776 726 multitudo
789 668 972 745 permaxima
984 686 1070 744 passa
1083 672 1127 724 est
1140 667 1173 724 in
1188 667 1311 725 Colonia
1322 686 1332 741 3

147 747 242 804 Velut
263 750 335 805 ebur
355 749 512 825 antiquum
527 750 617 807 rubra
630 755 736 807 extant
749 756 915 807 sanctarum
930 754 1050 825 corpora
1062 767 1116 825 pro
1130 748 1241 819 futura,
1256 768 1344 824 quam

228 834 392 905 expectant,
408 831 477 888 vita.

145 907 217 966 Non
228 915 263 966 ut
277 911 376 985 spuria
389 910 574 981 vitulamina,
589 911 640 968 sed
648 911 733 968 velut
746 911 850 968 cedrus
863 911 933 983 alta,
948 930 1001 987 per
1009 929 1057 967 eas
1068 910 1202 967 elevatur
1217 908 1337 986 Anglia.

146 989 186 1045 In
199 989 328 1047 hisvero
339 991 456 1048 exstitit
469 991 541 1049 fides
555 1011 623 1062 una,
632 992 673 1048 sic
687 1011 740 1049 nec
751 992 843 1048 dilata
857 997 927 1048 sunt
941 1010 1041 1048 earum
1055 991 1176 1067 praemia
1189 991 1222 1047 in
1235 991 1340 1067 patria.

145 1069 302 1127 Gaudeant
317 1072 447 1148 virgines
460 1073 672 1149 perpendentes
685 1072 776 1144 talia3

145 1149 280 1208 Gaudeat
293 1158 323 1208 et
332 1153 508 1210 universalis
522 1152 660 1211 Ecclesia.
774 1206 779 1211 .

143 1229 185 1287 In
198 1251 271 1289 sexu
285 1231 383 1308 fragili
395 1233 489 1291 millia
502 1235 638 1290 vicerunt
652 1234 802 1310 virginum
815 1234 950 1304 undena3

143 1311 304 1369 Insaniunt
318 1313 351 1369 in
364 1313 416 1371 has
430 1313 576 1389 Paganica
601 1321 745 1390 praecepta
758 1314 957 1391 perimmanis.

143 1391 323 1449 Trucidatur
336 1395 438 1451 cohors
451 1395 592 1470 virginea.
603 1396 710 1471 quibus
724 1396 812 1451 datur
825 1394 950 1465 aureola,
1114 1465 1120 1477 ι

141 1471 220 1541 Quia
233 1480 407 1550 sequuntur,
422 1494 481 1551 quo
495 1476 559 1532 itur
572 1477 604 1532 in
614 1476 750 1551 patriam,
766 1475 889 1551 Agnum
903 1476 966 1532 sine
979 1475 1100 1532 macula

141 1552 261 1610 Harum
274 1555 409 1632 exempla
423 1556 573 1633 perlucida
586 1557 703 1613 solvant
717 1557 829 1632 peccati
843 1555 970 1628 vincula,

142 1633 184 1690 Et
197 1634 306 1692 ducant
320 1636 357 1693 ad
371 1637 498 1694 eaelestia
511 1657 548 1694 ex
561 1637 650 1713 hujus
664 1637 751 1694 vallis
764 1636 890 1694 miseria.

144 1714 245 1772 Amen
258 1715 359 1773 dicant
372 1717 478 1774 omnia.

198 1796 400 1871 Ecaapcliam.
444 1797 549 1856 Simile
563 1803 593 1855 et
607 1818 732 1874 regnum
745 1798 883 1856 caelorum
897 1797 995 1854 decem
1010 1796 1186 1874 virginibus.

202 1875 396 1950 Offcrtoriam.
441 1879 618 1950 Offerentur,
635 1879 739 1955 aap‘ua

201 1957 325 2015 Secreta.

198 2037 360 2096 Praesentia
381 2059 513 2112 munera,
528 2060 705 2117 quaesumus,
729 2040 866 2110 Domine,
892 2040 935 2095 ita
960 2058 1062 2096 serena
1082 2039 1193 2114 pietate
1207 2038 1335 2110 intuere,

138 2123 174 2175 nt
197 2118 299 2176 Sancti
325 2119 455 2195 Spiritus
476 2122 694 2197 perfundantur
716 2120 928 2192 benedictione,
951 2125 987 2176 ut
1009 2120 1042 2177 in
1065 2120 1201 2177 cordibus
1226 2119 1337 2176 nostris

139 2218 205 2255 eam
224 2200 459 2258 benedictionem
478 2202 606 2258 validius
626 2202 795 2275 infundant,
817 2221 870 2277 per
890 2220 979 2277 quam
1000 2207 1167 2258 sanctarum
1185 2200 1336 2277 virginum

136 2286 360 2356 martyrumque
372 2287 493 2339 tuarum
507 2288 620 2339 mentes
634 2283 733 2340 omnia
746 2282 874 2358 corporis
888 2287 1037 2338 tormenta
1051 2281 1232 2338 devicerunt.
1276 2280 1336 2337 Per

140 2360 312 2418 Dominum.
355 2362 394 2419 In
408 2363 523 2419 unitate
537 2364 675 2438 ejusdem.

199 2441 381 2500 Garamante.
398 2505 401 2511 ,
426 2443 564 2519 Quinque
576 2444 745 2520 prudentes.

198 2523 440 2582 Poatcommaaic.

196 2602 389 2679 Sumpsimus,
418 2604 556 2678 Domine,
585 2611 755 2662 sanctarum
782 2605 934 2681 virginum
962 2610 1186 2679 martyrumque
1213 2607 1334 2659 tuarum

134 2681 331 2741 sollemnitate
352 2684 477 2743 caelestia
499 2692 691 2756 sacramenta,
709 2705 834 2762 quarum
854 2685 1009 2760 suffragiis,
1025 2703 1199 2759 quaesumus,
1215 2682 1332 2760 largire,

133 2769 169 2819 ut
183 2783 248 2839 quae
262 2766 465 2841 temporaliter
478 2769 607 2842 gerimus
621 2768 739 2824 aeternis
753 2767 867 2844 gaudiis
881 2784 1101 2841 consequamur.
1144 2764 1210 2821 Per.

228 2942 341 3000 Eonnu
361 2960 415 3000 nm
436 2960 543 3003 snucm
565 2946 764 3019 Hrmmorrs
786 2962 934 3004 moriem.
979 2945 1042 3023 (xii.
1059 2944 1128 3001 Kal.
1144 2944 1236 3021 Nor.)

195 3046 336 3121 Officium.
380 3049 421 3107 Os
431 3050 515 3124 justi.

195 3127 304 3186 Oratio.
348 3129 472 3200 Adesto,
489 3131 624 3188 Domine.

191 3208 307 3284 Epistol
327 3254 332 3267 .
375 3211 485 3269 Justus
499 3232 548 3270 cor
562 3233 656 3272 suum.

195 3289 329 3348 Gradalc.
374 3292 415 3349 Os
424 3292 509 3368 justi.

191 3370 340 3446 Alleluya.
390 3372 419 3430 V.
442 3373 505 3430 Iste
518 3380 645 3433 sanctus.

193 3451 396 3526 Decapolitana.
438 3452 558 3527 Videte,
574 3456 703 3532 vigilate.

193 3531 388 3606 Offartoriam.
431 3533 561 3593 Veritas.

193 3612 376 3672 commocio.
420 3615 530 3673 Beatus
544 3636 655 3674 servus.

180 3783 293 3842 Snucrr
314 3785 452 3857 Romam,
474 3801 706 3846 ancnrnrrscorr
728 3768 773 3843 ur¹
786 3801 990 3845 concussores.
1035 3786 1078 3861 (x.
1095 3785 1164 3842 Kal.
1181 3783 1274 3862 Nov.)

193 3888 334 3962 Officiaot.
377 3889 500 3948 Statuit.

192 3970 301 4028 Oratio.
345 3970 401 4041 Da,
417 3991 592 4047 quaesumus.

189 4050 330 4125 Epistola.
374 4052 450 4109 Ecce
463 4055 601 4112 sacerdos.

191 4131 327 4188 Gradale.
368 4133 444 4190 Ecce
458 4134 600 4192 sacerdos.

189 4212 338 4286 Alleluya.
389 4213 589 4290 V.Disposui.

140 4353 142 4356 .
188 4293 389 4366 Evangeliam.
431 4294 531 4352 Homo
546 4295 667 4372 quidam
680 4314 808 4372 peregre.

190 4372 385 4446 Offirtoriam.
428 4376 538 4433 Inveni
552 4376 659 4434 David.

188 4451 367 4513 Oommaaio.
412 4456 522 4516 Fidelis
536 4477 646 4516 servus.
