2946 5002
585 246 681 313 Festa
702 246 807 313 Jalii.
870 330 879 341 Ι
1253 252 1295 321 67

157 408 360 485 Eaarrqcliam.
403 411 540 487 Rogabat
562 412 668 471 Jesum
691 414 812 491 quidam
835 414 1012 488 Pharisaeus,
1034 436 1128 492 quare
1150 417 1183 474 in
1204 416 1295 475 Faria

96 499 179 548 secta
191 491 353 550 Dorninicae
365 492 554 567 qairtdccimoe
562 505 629 569 post
642 495 764 553 Festum
778 496 945 556 Trinitatis.

162 570 353 645 Offertoriarn.
396 573 480 631 Filiae
494 593 604 650 regum.

160 652 281 710 Secreta.

160 733 327 806 Offerimus‚
352 734 488 806 Domine,
511 755 609 811 preces
637 743 667 794 et
694 757 817 794 munera
843 739 876 795 in
902 738 1013 796 honore
1046 745 1154 796 sanctae
1189 738 1292 796 Mariae

99 813 283 890 Magdalenae
296 815 465 891 gaudentes,
481 824 596 891 praesta,
611 836 787 893 quaesumuS,
801 825 836 874 ut
850 825 880 876 et
893 819 1101 877 convenienter
1120 819 1182 877 haec
1198 839 1291 896 agere,

98 900 130 951 et
143 896 305 952 remedium
318 897 529 971 sempiternum
543 897 692 955 valeamus
705 899 863 975 acquirere.
907 899 966 956 Per
978 899 1150 958 Dominum.

162 974 343 1036 Communia.
386 976 535 1036 Dilexisti.

162 1057 403 1115 Postcommanio.
545 1068 548 1075 '

161 1136 359 1195 Auxilientur
388 1138 480 1210 nobis,
509 1138 645 1211 Domine,
674 1147 857 1198 sacrosancta
890 1139 1030 1216 mysteria
1063 1142 1156 1199 beatae
1191 1141 1295 1199 Mariae

103 1214 285 1292 Magdalenae
312 1219 501 1276 veneratione
528 1219 681 1293 celebrata,
710 1241 774 1297 quae
802 1223 907 1297 spretis
934 1222 1076 1279 vanitatis
1099 1223 1243 1280 illecebris
1265 1229 1296 1280 te

103 1297 197 1390 solum
215 1300 345 1376 diligere,
369 1300 482 1376 tibique
502 1300 567 1358 Deo
585 1301 655 1359 vivo
676 1307 707 1358 et
720 1320 790 1359 vero
810 1303 899 1379 elegit
914 1303 1029 1379 jugiter
1046 1303 1195 1362 inhaerere.
1237 1304 1297 1373 Qui

106 1397 188 1437 viru.

294 1514 405 1572 Sanam
425 1514 643 1588 Arommams,
666 1530 828 1573 ulnarum.
874 1513 914 1591 (x.
930 1515 999 1573 Kal.
1015 1514 1109 1593 Aug.)

167 1619 305 1692 Officium.
350 1620 519 1677 Sacerdotes
533 1620 599 1677 Dei.
1107 1622 1113 1634 '
1151 1690 1158 1702 .

168 1699 277 1758 Oratio.

164 1780 358 1838 Clementiam
385 1788 468 1838 tuam
494 1801 669 1857 quaesumus‚
703 1783 889 1858 omnipotens
917 1783 1006 1852 Deua,
1036 1789 1071 1838 ut
1098 1782 1299 1841 intercedente

107 1881 158 1937 pro
172 1862 255 1918 nobis
269 1863 355 1919 beato
366 1862 541 1937 Apollinare
555 1867 684 1938 martyre
701 1869 754 1919 tuo
772 1872 861 1937 atque
875 1863 1020 1937 pontifice,
1036 1863 1153 1918 venam
1167 1865 1300 1921 omnium

107 1943 243 2017 consequi
264 1963 427 2000 mereamur
446 1945 655 2019 peccaminum,
671 1949 701 2000 et
714 1945 807 2000 sitam
828 1946 958 2019 accipere
978 1942 1128 1999 valeamus
1149 1950 1297 2001 aeternam.

110 2022 167 2080 Per
179 2023 349 2080 Dominum.

167 2103 307 2178 Epistola.
350 2103 510 2161 Testificor.

171 2184 304 2241 Gradale.
346 2185 476 2242 duravit.

167 2265 315 2340 Alleluya.
364 2265 392 2323 V.
415 2265 478 2322 Iste
492 2272 618 2324 sanctus.

168 2345 367 2420 Enanpeiiarn'.
411 2346 503 2403 Facta
516 2353 561 2404 est
574 2346 733 2418 contentio,
747 2346 781 2402 ia
796 2343 951 2405 Coruncani
964 2345 1165 2422 apostotorum.

170 2426 360 2500 Offirtoriam.
403 2426 533 2485 Veritas,

168 2507 288 2565 Secreta.

170 2588 293 2645 Hostias
327 2588 392 2659 tibi,
428 2588 562 2658 Domine,
598 2607 650 2664 pro
684 2588 960 2645 commemoratione
1000 2588 1080 2644 beati
1119 2587 1303 2664 Apollinaris

110 2669 247 2743 martyris
260 2669 307 2724 tui
326 2675 416 2744 atque
436 2670 584 2745 pontificis
608 2669 756 2725 offerimus
779 2669 949 2744 suppliciter
968 2669 1163 2744 deprecantes,
1178 2674 1213 2725 ut
1226 2670 1303 2725 sicut

110 2751 156 2806 illi
169 2749 321 2825 praebuisti
341 2769 428 2806 sacrae
448 2749 518 2807 fidei
535 2750 709 2820 claritatem,
727 2751 768 2806 sic
788 2748 873 2806 nobis
892 2749 1106 2826 indulgentiam
1126 2749 1259 2824 largiaris
1274 2757 1303 2806 et

111 2850 217 2906 pacem.
261 2830 327 2886 Per.

172 2911 352 2968 Communia.
396 2910 492 2968 Semel
501 2911 610 2987 juravi.

171 2991 411 3049 Pastcommanio.

172 3073 217 3130 Ut
237 3073 331 3144 nobis,
354 3072 491 3142 Domine,
512 3078 564 3129 tua
584 3071 723 3128 sacrificia
743 3071 814 3128 dent
832 3072 965 3141 salutem,
981 3071 1085 3128 beatus
1107 3079 1220 3147 niartyr
1233 3079 1303 3128 tuus

112 3153 292 3229 Apollinaris
305 3160 395 3229 atque
408 3153 551 3233 pontifex,
566 3172 742 3258 quassum-15.
757 3159 890 3228 precator
904 3151 1029 3209 accedat.
1073 3153 1137 3238 Per.

304 3338 361 3423 ⁸Is
381 3365 511 3421 Vicina
532 3379 638 3421 saram
659 3363 780 3421 Jacom.
825 3362 899 3439 (viii.
916 3362 985 3420 Kal.
1001 3363 1094 3439 Aug.)

175 3471 313 3546 Officium.
356 3470 420 3548 Ego
433 3479 541 3527 autem.

176 3554 282 3611 Oratio.
326 3552 458 3609 Concede
471 3551 565 3621 nobis,
579 3570 753 3625 quaesumus,
769 3549 955 3625 omnipotens
969 3550 1057 3606 Deus

174 3635 317 3692 Memoria
331 3635 366 3690 de
386 3641 483 3690 sancto
499 3631 656 3691 Christian.
701 3631 809 3700 Oratio,
826 3630 859 3688 dc
875 3629 1036 3695 Connnaai.
1080 3629 1170 3699 Deus,
1185 3628 1236 3703 qui
1251 3648 1302 3685 nos

116 3717 213 3772 beata.

174 3795 313 3871 Epistola.
800 3846 803 3851 .

175 3876 351 3933 Benedictus
365 3877 446 3932 Deus
460 3880 490 3931 et
504 3873 594 3930 Pater
606 3871 730 3929 Domini
742 3870 836 3929 nostri
856 3870 878 3927 J
880 3891 930 3928 esu
951 3870 1070 3942 Christi,
1086 3868 1137 3944 qui
1151 3869 1303 3926 benedixit

114 3977 176 4029 nos,
190 3957 224 4014 ia
238 3955 499 4014 Communicamus
512 3953 659 4028 martyris.

177 4037 308 4094 Gratata
351 4037 457 4093 Justus
470 4041 506 4092 ut
519 4035 623 4110 palma.

175 4118 209 4176 St
228 4117 385 4175 Dominica
405 4118 451 4188 sit,
471 4115 618 4190 Alleluya.
668 4113 696 4172 V.
719 4114 741 4171 J
742 4118 826 4170 ustus
846 4132 906 4169 non
926 4110 1158 4182 conturbabitur,
1173 4110 1206 4167 in
1222 4111 1303 4169 Corn-

115 4200 200 4256 mant
215 4199 307 4255 anias
319 4198 465 4273 martyris.

176 4279 375 4353 Eranaeliam.
418 4278 493 4334 Haec
508 4274 615 4334 mando
628 4273 719 4331 vobis.

178 4359 368 4435 Offirtoriam.
413 4356 514 4416 Gloria
527 4355 688 4415 ethonore.
