2946 5002
461 391 557 457 Festa
578 390 780 458 Novembris.

321 558 447 617 Omnem
460 563 571 635 spectat
584 557 622 616 sd
635 561 752 616 aetetem

265 642 268 646 ’
320 639 496 697 Kethsrinae
510 638 684 715 dignitatem

361 719 518 778 (tumulare
531 718 675 777 laudibus.

320 800 395 858 Haec
409 807 454 858 est
466 800 518 857 illa
531 799 614 857 Oosti
626 806 705 874 nats,

320 881 414 957 Cujus
426 886 494 938 ortu
508 881 643 938 decorate

360 962 513 1020 Gloriatur
527 961 647 1019 Graecin

321 1042 397 1100 Haec
410 1049 456 1100 est
469 1061 534 1119 quae
547 1061 647 1098 mnam
661 1042 718 1099 sibi
730 1041 829 1100 datum

322 1123 440 1181 Christo
453 1122 556 1180 reddet
569 1122 754 1199 decuplutem

360 1203 428 1262 Oris
442 1203 616 1280 eloquentia.

319 1283 432 1342 Scholis
444 1303 558 1356 vacans,
573 1289 651 1341 artes
663 1282 770 1356 dicens,

318 1364 438 1423 Altiors
451 1364 663 1440 concupiscens,

360 1445 467 1503 Studet
480 1445 637 1520 evangelio.

319 1525 389 1584 Duo
402 1526 500 1602 legens
513 1530 696 1597 testamenta,

319 1605 400 1664 Vitae
414 1606 495 1663 videt
508 1606 657 1677 alimenta,

360 1687 513 1745 Christum
526 1686 559 1743 in
572 1687 720 1763 preesepio.

320 1767 394 1826 cibo
408 1767 487 1825 dulci
500 1767 667 1839 refovetur3

321 1849 386 1917 Quo
399 1849 466 1924 plus
478 1852 587 1924 gustet,
600 1847 667 1923 plus
680 1852 805 1924 augetur

360 1929 501 1986 Sanctum
515 1928 698 1986 desiderium.

320 2009 394 2067 Cibo
407 2010 606 2067 conformatur
619 2009 687 2081 isti;

320 2090 358 2148 Se
371 2092 516 2165 configens
530 2090 609 2147 cruci
623 2089 735 2147 Christi

360 2170 462 2228 Currit
475 2170 513 2228 ad
526 2170 709 2246 martyrium.

319 2250 388 2309 Rex
400 2251 469 2308 hinc
482 2257 582 2321 terret,
596 2251 665 2308 hinc
679 2249 830 2308 blanditur
840 2271 849 2324 3

320 2331 395 2390 Haec
408 2351 469 2389 non
478 2332 574 2403 timet,
588 2350 642 2388 nec
654 2331 774 2403 lenitur,

359 2412 426 2469 Prae
438 2412 547 2469 mentis
560 2412 732 2469 constantie.
867 2408 869 2412 ’

319 2492 403 2551 Hinc
415 2499 540 2550 terrores
553 2497 589 2549 ut
602 2492 718 2564 favillae,

320 2572 402 2630 Hinc
415 2593 469 2646 res,
484 2573 569 2644 servi,
584 2572 632 2630 vel
645 2572 758 2630 ancillae

360 2654 548 2730 spernuntur
560 2659 596 2710 ut
608 2653 687 2710 vilic

321 2733 472 2810 Sapientes
485 2741 670 2809 superantur,

321 2813 453 2872 Credunt
466 2813 592 2884 Christo,
607 2814 734 2872 flammis
747 2813 873 2888 dsntur3

360 2895 418 2953 Sed
431 2914 485 2952 nec
497 2895 575 2971 perit
587 2894 711 2953 fimbria.

321 2974 495 3034 carceratur
507 2976 591 3051 virgo
604 2994 694 3049 cresa5

320 3054 479 3126 Visitatur,
493 3056 529 3114 fit
542 3056 634 3113 illaess

360 3137 505 3214 Superum
518 3137 680 3212 praesentis„

321 3216 417 3287 Quem
429 3217 530 3294 regins
543 3217 615 3275 dum
628 3217 748 3289 soletur,

319 3298 370 3355 Ad
383 3303 530 3356 certamen
542 3296 696 3369 invitatur,

319 3376 413 3436 Favet
426 3397 524 3450 ovans,
539 3383 705 3450 coronetur,

359 3459 461 3517 Oertat
473 3458 521 3516 die
534 3459 630 3518 tertie.

318 3539 350 3596 A
363 3540 498 3597 columbe
510 3538 581 3597 dum
595 3539 710 3597 cibatur

318 3617 422 3697 Virgo,
437 3626 503 3676 rota
514 3619 677 3678 fabricatur
685 3641 695 3695 3

320 3699 403 3773 Oret,
416 3719 512 3758 nexus
525 3701 692 3777 dissipetur,

359 3780 509 3839 Sternitur
521 3781 603 3858 plebs
616 3781 714 3858 impis„

319 3859 377 3919 Tot
388 3861 574 3938 triumphans
587 3861 620 3919 in
632 3861 795 3936 tormentis,

318 3941 370 3999 Ad
384 3961 510 4018 superne
522 3961 589 4000 cum
602 3942 737 4000 ducentis

359 4022 520 4080 Praemittit
533 4021 738 4098 Porphyrium.

316 4101 480 4179 Impetrato
493 4101 632 4179 quiequid
645 4110 720 4175 orat,

317 4182 400 4241 Ferit
412 4183 516 4256 lict0r;
536 4183 581 4240 lac
593 4183 703 4242 irrorat

357 4263 503 4321 Ferientis
515 4263 655 4339 gladium.

319 4341 430 4420 (terpus
444 4343 555 4401 caelitus
569 4343 718 4402 sublatum

320 4422 374 4482 Est
386 4425 419 4480 in
434 4424 505 4482 Sina
517 4425 715 4500 tumulatum

359 4504 473 4563 Tumbe
486 4510 587 4563 manet
599 4505 703 4596 oleum
