2946 5002
634 324 731 390 Festo
752 323 957 390 Noeeoebris,

442 490 626 567 Angelorum
640 491 740 549 concio
754 511 843 563 sacra,

483 572 524 629 Et
536 572 777 646 archangelorum
791 578 890 629 turma
903 571 1023 648 inclyta,
1084 594 1087 600 ·

444 651 556 709 Nostra
570 652 686 709 diluant
696 652 759 728 jam
773 658 892 728 peccata

483 733 632 790 Poscendo
646 752 773 808 superne
786 733 850 790 caeli
863 734 977 809 gaudia.

443 813 497 884 Tu,
512 813 665 889 propheta,
681 833 782 889 praeeo,
799 814 928 884 lucerna,

481 896 585 969 Atque
596 895 662 969 plus
677 913 765 970 quam
779 895 930 970 propheta,

443 974 481 1031 Iu
496 975 595 1031 lucida
609 994 662 1031 nos
675 994 751 1051 pone
764 976 814 1031 via

484 1055 656 1111 Emundans
670 1061 771 1112 nostra
784 1075 911 1132 corpora.

440 1135 653 1210 Apostolorum
661 1136 796 1212 princeps
810 1141 899 1212 atque
913 1142 1019 1193 cuncta
1028 1133 1152 1212 juncta*
1168 1141 1295 1208 caterva,

440 1216 463 1274 J
464 1235 512 1273 am
526 1217 679 1272 corrobora
689 1236 760 1274 vere
773 1217 806 1273 in
819 1217 953 1274 doctrina

484 1296 583 1353 Plebis
596 1303 721 1372 pectora.

440 1377 589 1451 Stephane
602 1377 734 1452 gloriose,
748 1378 874 1435 rutilans
887 1379 919 1435 in
933 1398 1049 1451 corona,

482 1457 715 1533 Sanctorumque
729 1463 893 1534 martyrum
907 1466 1006 1516 turma
1019 1459 1136 1532 valida3

441 1537 545 1595 Fortia
558 1539 626 1595 date
639 1539 732 1610 corda,
748 1558 869 1615 corpora
882 1544 971 1615 atquo
979 1541 1073 1611 firma,

482 1618 571 1676 Sacra
583 1625 619 1675 ut
632 1619 747 1677 hostem
760 1620 883 1677 vincant
897 1622 955 1677 rite
968 1621 1091 1697 spicula.

441 1699 574 1755 Martine
588 1700 698 1774 inclyte
712 1706 743 1757 et
755 1701 914 1776 praesulum
929 1702 1024 1758 omnis
1039 1709 1165 1774 caterva,

439 1779 560 1854 Suscipe
573 1799 652 1837 nunc
665 1781 715 1855 pia
724 1787 826 1838 nostra

482 1860 648 1918 Clementer
662 1868 788 1936 precata.

440 1940 557 2016 Regina
570 1942 719 2017 virginum
733 1943 933 2018 praemaxima,

481 2021 527 2078 Tu
541 2029 634 2079 mater
648 2041 679 2079 es
693 2023 871 2100 incorrupta,

483 2101 576 2178 Virgo
591 2109 621 2160 et
634 2104 764 2178 gravida,

440 2183 562 2240 Sacrata
575 2183 704 2240 Domino
719 2190 749 2240 et
762 2185 890 2257 castitas,

480 2263 607 2320 Nostrae
621 2283 705 2321 serva
718 2266 839 2336 animas,

480 2344 653 2420 Mundaque
666 2365 793 2421 corpora.
835 2344 1034 2408 Olericorum†
1047 2347 1215 2404 venerande
1228 2345 1376 2424 suffragia.

441 2423 641 2500 Omniumque
656 2432 823 2482 sanctorum
834 2427 1028 2484 contubernia

441 2503 500 2562 Per
512 2511 630 2580 precata
643 2506 760 2564 assidue

481 2585 593 2642 Nostra
606 2587 772 2662 gubernent
786 2592 927 2664 tempora,

352 2696 355 2702 ·
442 2665 564 2742 Nosque
577 2667 687 2724 ducent
700 2669 737 2724 ad
752 2688 877 2744 superna

481 2747 621 2804 Polorum
635 2768 705 2805 vera
718 2750 832 2825 gaudia.

441 2826 628 2904 Subjungant
641 2829 724 2904 pium
738 2831 856 2906 agmina
869 2829 969 2888 Amen
982 2830 1141 2907 redempta.

258 2932 458 3070 {cappellum
501 2931 616 2990 Videns
630 2935 732 2991 turbas
746 2935 768 2993 J
769 2955 842 2993 esus.

287 3033 318 3070 re
339 3034 364 3070 o.

261 3093 453 3168 Offirrmem.
496 3093 652 3152 Mirabilia

259 3175 380 3232 Secreta.
599 3177 605 3187 ’

260 3255 389 3313 Munera
419 3256 486 3330 tibi,
514 3254 649 3330 Domine,
679 3264 787 3315 nostrae
815 3257 978 3315 devotionis
1005 3258 1163 3329 offerimus,
1191 3276 1256 3332 quae
1284 3264 1315 3314 et
1341 3277 1396 3333 pro

199 3343 373 3394 cunctorum
400 3336 458 3393 tibi
490 3344 575 3412 grate
607 3339 667 3394 sint
694 3339 805 3396 honore
831 3340 990 3414 justorum,
1020 3344 1051 3396 et
1078 3339 1163 3396 nobis
1193 3338 1344 3411 salutaria,
1367 3347 1398 3396 te

200 3418 368 3490 miserante,
383 3417 552 3477 reddantur.
597 3419 663 3476 Per.

258 3497 438 3558 Communia
483 3499 617 3556 Gaudete
627 3500 712 3575 justi.

261 3581 503 3637 Postcommuoio.
694 3593 696 3599 ’

260 3660 316 3731 Da,
332 3680 507 3737 quaesumus,
524 3660 663 3730 Domine,
678 3660 814 3718 fidelibus
824 3660 940 3736 populis
951 3660 1083 3717 omnium
1098 3665 1268 3718 sanctorum
1282 3679 1397 3737 semper

200 3742 388 3799 veneratione
401 3741 505 3812 laetari,
521 3747 551 3798 et
565 3761 667 3799 eorum
681 3746 823 3816 perpetua
837 3741 1050 3817 supplicatione
1063 3742 1182 3798 muniri.
1225 3742 1292 3799 Per.

484 3913 525 3971 Iu
544 3930 599 3969 mn
619 3914 804 3971 Auluanun.
849 3912 901 3990 (iv.
918 3913 996 3972 Non.
1014 3912 1106 3992 Nov.)

262 4017 401 4092 Officium.
445 4017 599 4093 Requiem.

262 4099 371 4156 Oratio.
415 4098 571 4155 Fidelium.

260 4179 393 4254 Epistola
406 4179 440 4256 (l
459 4179 551 4237 Thess.
567 4179 603 4235 io.
622 4178 735 4254 12-17).

260 4260 408 4317 Nolumus
423 4280 473 4317 vos
486 4260 621 4336 ignorare
641 4280 731 4334 usque
745 4260 785 4316 od
803 4259 995 4317 consolamini
1014 4259 1142 4317 invicem
1162 4260 1194 4317 in
1208 4260 1306 4318 verbis
1320 4260 1396 4334 istis,

202 4341 241 4398 In
256 4341 375 4398 Christo
388 4340 410 4399 J
412 4360 462 4398 esu
476 4340 606 4398 Domino
620 4346 728 4399 nostro.

290 4460 302 4482 *
319 4459 461 4505 Ona-Eud.
580 4460 593 4520 †
608 4457 907 4504 Horeford.—Elcotoru1n.
949 4458 1273 4505 Kelusa-Monachum.
