2946 5002
528 377 702 446 Orationes
725 378 930 445 comatoria.

481 587 607 644 Dorcas
628 586 852 644 Oocrrsrronns
874 601 980 644 umes.

194 666 390 825 dmm„
400 748 556 806 mitissime
570 748 660 820 Deus,
672 747 783 825 respice
793 747 939 824 propitius
949 767 1048 825 preces
1058 755 1182 822 nostras,
1195 749 1329 809 stlitem

136 829 221 888 corda
241 835 343 887 nostra
362 829 398 887 de
416 830 562 887 malarum
579 829 746 886 tentatione
763 829 974 904 cogitationum
984 849 993 902 3
1017 835 1053 887 ut
1077 829 1179 888 Sancti
1201 830 1330 907 Spiritus

136 911 257 989 dignum
271 910 338 968 fieri
351 909 555 968 habitaculum
568 928 740 967 mercamur.
783 910 841 966 Per
854 909 1027 968 Dominum.
1070 910 1110 968 In
1123 913 1247 969 unitate.

192 990 340 1143 gomi,
353 1072 481 1129 Domine
495 1071 586 1143 DeuS,
598 1070 747 1128 offerimus
761 1069 933 1142 oblationes,
945 1090 998 1146 pro
1011 1073 1107 1131 salute
1124 1078 1239 1144 nostre3
1254 1091 1331 1149 preo-

136 1158 228 1223 ontes,
250 1158 287 1209 ut
309 1152 422 1210 animas
446 1158 562 1209 nostros
590 1150 718 1227 Spiritus
746 1151 848 1209 Sancti
874 1151 971 1227 gratia
997 1152 1166 1211 illuminare
1193 1153 1331 1230 digneris,

136 1234 276 1371 gpatinus
289 1253 307 1290 a
321 1232 551 1309 cogitationibus
564 1232 650 1290 malis
670 1239 724 1289 tua
743 1233 854 1309 pietate
869 1232 1037 1291 liberemur.
1080 1235 1139 1291 Per
1158 1234 1330 1293 Dominum.

188 1315 314 1371 unitate.

194 1393 439 1454 Postoommaaio.

196 1475 257 1534 Per
269 1475 334 1547 hoc,
348 1494 525 1551 quaesumus,
542 1473 679 1545 Domine,
693 1474 868 1531 sacrificium
883 1475 961 1550 quod
976 1482 1035 1532 tuae
1052 1476 1214 1533 obtulimus
1234 1476 1336 1552 majes-

138 1555 203 1628 tati,
223 1556 262 1614 ab
280 1557 419 1614 omnibus
438 1555 526 1613 corda
546 1560 647 1612 nostra
667 1554 794 1612 emunda
815 1556 1039 1627 tentationibus,
1062 1564 1097 1615 ut
1116 1558 1214 1634 gratia
1234 1556 1336 1614 Sancti

139 1634 268 1715 Spiiitus
282 1637 365 1714 digni
379 1637 546 1695 efficiamur.
591 1635 650 1692 Per
664 1635 834 1693 Dominum.
878 1636 916 1692 Iu
931 1637 1056 1694 unitate.

509 1846 575 1903 Pac
596 1861 746 1902 oscarum
768 1845 965 1904 Dnvormms.

201 1928 312 1988 Oratio.

200 2008 397 2085 Omnipotens
423 2007 578 2064 mitissime
606 2006 697 2078 DeuS,
720 2007 771 2082 qui
799 2007 914 2064 sitienti
939 2007 1048 2083 populo
1074 2007 1188 2065 fontem
1209 2007 1339 2065 viventis

142 2109 223 2167 uquae
237 2090 274 2147 de
287 2096 373 2166 petra
385 2088 554 2165 produxisti
563 2107 572 2159 3
592 2089 666 2144 educ
687 2087 723 2144 de
743 2087 839 2144 cordis
859 2090 955 2145 nostri
975 2088 1086 2145 duritia
1105 2089 1338 2165 compunctionis

143 2171 295 2247 lacrymas,
324 2180 359 2227 ut
386 2179 506 2247 peccata
533 2174 635 2226 nostra
664 2166 802 2244 plangere
830 2169 988 2242 valeamus,
1018 2169 1285 2246 remissionemque,
1310 2175 1342 2227 tc

144 2254 309 2323 miserante,
323 2270 488 2308 mereamur
501 2250 638 2325 accipere.
683 2248 742 2305 Per
758 2248 929 2307 Dominum.

202 2332 324 2390 Secreto.

202 2413 293 2470 Hanc
307 2411 486 2470 oblationem
500 2430 589 2487 quam
605 2417 664 2468 tuse
685 2411 844 2486 majestati,
860 2411 996 2485 Domine,
1012 2431 1065 2487 pro
1085 2413 1211 2487 peccatis
1232 2411 1341 2469 nostris

146 2494 301 2564 offerimus,
320 2492 467 2569 propitius
486 2493 616 2567 respice3
640 2497 671 2548 et
691 2491 801 2566 produc
823 2491 859 2548 dc
877 2492 969 2549 oculis
990 2493 1099 2549 nostris
1117 2493 1234 2568 copiosa
1251 2493 1343 2568 lacry-

148 2594 260 2631 marum
285 2573 418 2645 flumina,
440 2573 546 2649 quibus
570 2573 669 2630 debita
692 2571 877 2630 flammarum
901 2572 1038 2630 incendia
1060 2575 1173 2649 possint
1198 2573 1341 2650 extingui.

149 2654 203 2712 Per
216 2654 389 2712 Dominum.

204 2735 446 2793 Poetoommaaio,

207 2816 337 2892 Corpore
351 2822 381 2872 et
395 2815 537 2891 sanguine
554 2821 617 2886 tuo,
633 2813 769 2885 Domine,
786 2814 896 2886 satiati,
911 2834 1086 2890 quaesumus,
1102 2821 1137 2872 ut
1150 2834 1203 2892 pro
1217 2816 1343 2891 peccatis

151 2897 256 2955 nostris
276 2898 530 2972 compunctionem
551 2895 646 2952 cordis
659 2903 690 2952 et
704 2896 826 2966 luctum,
842 2896 1023 2971 fluminaque
1042 2896 1238 2972 lacrymarum
1258 2896 1344 2952 nobis

152 2997 261 3055 semper
277 2977 411 3053 largiaris
422 2997 431 3050 3
454 2976 594 3052 quatinus
618 2976 762 3032 caelestem
786 2976 819 3032 in
843 2977 944 3033 futuro
962 2971 1191 3034 consolationem
1209 2977 1344 3034 invenire

153 3077 319 3117 mercamur.
363 3059 422 3116 Per
436 3057 607 3115 Dominum.

624 3227 688 3285 Pno
709 3227 866 3284 Pncosrrs.

212 3310 319 3369 Oratio.

210 3391 337 3463 Exaudi,
353 3409 528 3467 quaesumus,
544 3389 680 3460 Domine,
703 3388 868 3463 supplicum
890 3408 996 3464 preces
1011 3395 1042 3445 et
1063 3389 1267 3446 confitentium
1287 3390 1344 3446 tibi

157 3490 236 3546 parce
249 3472 394 3548 peccatis3
408 3477 443 3528 ut
452 3472 564 3547 pariter
577 3470 662 3527 nobis
675 3469 892 3545 indulgentiam
906 3469 1020 3526 tribuas
1033 3471 1177 3546 benignus
1191 3475 1221 3527 et
1234 3488 1342 3546 pacem.

158 3552 211 3610 Per
223 3553 394 3610 Dominum.

211 3632 330 3692 Secreto.

212 3714 337 3772 Hostias
359 3713 426 3784 tibi,
453 3713 588 3781 Domine,
610 3711 781 3788 placationis
806 3711 953 3768 offerimus
963 3731 972 3784 3
1001 3718 1036 3768 ut
1059 3717 1090 3768 et
1114 3711 1222 3768 delicte
1245 3717 1345 3769 nostra

158 3795 308 3852 miseratus
322 3795 465 3866 absolvas,
480 3800 511 3851 et
523 3792 664 3850 nutantia
677 3793 765 3849 corda
778 3798 813 3849 tu
827 3792 943 3870 dirigas.
987 3793 1045 3849 Per
1059 3793 1229 3849 Dominum.

213 3876 455 3934 Poetcommaaio.

214 3956 328 4014 Praesta
347 3957 442 4028 nobis,
460 3962 568 4012 aeterne
586 3954 729 4025 Salvator,
750 3961 784 4011 ut
802 3954 996 4031 percipientes
1014 3953 1069 4011 hoc
1087 3973 1208 4011 munere
1229 3954 1346 4010 veniam

160 4043 349 4115 peccatorum,
364 4037 500 4113 deinceps
513 4042 632 4113 peccata
645 4035 780 4093 vitemus
824 4034 883 4092 Per
897 4035 1065 4091 Dominum.

608 4241 746 4324 [Gerros
767 4243 897 4302 Hostes.

219 4328 329 4388 Oratio

217 4409 361 4468 Hostium
375 4413 551 4479 nostrorum,
564 4425 739 4481 quaesumus,
755 4407 892 4477 Domine,
904 4405 979 4464 elide
993 4405 1168 4482 superbiam,
1180 4413 1211 4465 et
1224 4408 1352 4467 dexterae

164 4492 219 4547 tun
231 4492 348 4549 virtute
359 4494 520 4566 prosterne.
564 4487 623 4544 Per
636 4487 806 4547 Dominum.

219 4586 287 4631 Vola.
301 4586 339 4630 11.
747 4584 769 4625 Ν
