2946 5002
125 348 188 448 {204
516 341 702 430 sequentiae
727 342 935 411 commutas.

183 509 206 567 I
204 532 226 569 ιι
238 511 337 568 natali
345 511 547 587 plurimorum
559 521 733 586 martyram
775 509 941 587 Sequentia.

245 591 320 649 Eece
333 592 458 668 pulchra.
471 612 611 650 canorum
625 597 745 650 resonat
758 611 830 649 voce
843 591 993 668 Alleluya,

176 675 182 689 ‘
244 673 394 730 Intimans
407 691 558 750 requiem
549 679 718 731 sanctorum
728 673 880 747 inclytam

217 751 396 812 *Felicia
366 755 493 812 nimium
510 755 681 831 angelorum
695 754 823 812 rutilant
835 749 982 830 agmina,

244 834 359 908 Sancte,
372 835 488 906 Sancte,
503 836 618 908 Sancte,
635 835 755 894 Christo
768 840 893 892 ovanter
906 833 1148 910 proclamantia.†

241 915 397 973 Sublimi
388 936 422 973 ιιι
439 880 578 992 cathedra
591 916 790 993 apostolorum
809 913 913 985 sssedet
926 915 1040 990 fulgida
1053 919 1171 971 caterva
1184 912 1283 970 tribus
1297 917 1331 970 et

324 996 441 1073 linguas
450 996 646 1074 judicantia.‡

244 1077 368 1135 Domini
387 1079 512 1155 vestigia
533 1079 590 1157 qui
605 1078 699 1137 secuti
717 1078 750 1135 in
770 1083 850 1134 terra
869 1081 991 1153 propter
1009 1075 1065 1134 hoc
1085 1076 1221 1147 emicant,
1243 1073 1331 1133 velut

324 1159 409 1216 stella
422 1160 602 1216 firmamenti
614 1159 700 1218 clara

245 1238 336 1296 Stolis
349 1240 482 1297 candidis
495 1247 661 1334 martyrum
674 1240 859 1296 adornantur
868 1238 949 1296 colla

243 1319 290 1377 Hi
303 1327 374 1377 sunt
387 1321 502 1378 milites
497 1340 568 1396 ‚qur
559 1321 687 1378 mundi
697 1320 871 1413 praeliamrnt
884 1320 969 1377 belle.

244 1400 368 1458 Coronis
381 1401 457 1458 albis
471 1409 651 1460 coronantur
664 1401 769 1471 sancti,

244 1481 303 1550 Qui
317 1484 491 1539 confitentes
505 1482 717 1540 crediderunt
704 1488 795 1558 justa,

242 1562 290 1620 Ac
304 1562 361 1621 fide
372 1569 518 1627 certantes

243 1643 434 1719 Respuerunt
448 1663 547 1710 vana,

244 1723 336 1781 Modo
350 1724 462 1782 hahent
476 1703 670 1783 caelestiae
617 1743 670 1800 reg
671 1744 718 1797 ua,

243 1804 283 1861 In
297 1825 356 1880 qua
369 1807 558 1882 triumphant
564 1769 746 1882 gliscentes§
760 1805 880 1881 optime,

243 1884 312 1943 Sive
326 1887 476 1944 canticant
489 1888 648 1964 psallentes
658 1887 789 1945 earmina

242 1967 321 2024 Arte
337 1967 488 2040 laudiflua,
543 2020 545 2024 .

242 2047 327 2105 Voce
340 2048 517 2121 dulcimoda,

242 2127 320 2205 Regi
334 2129 453 2188 Christo
464 2130 674 2188 submittentes
688 2130 770 2188 colla

243 2209 378 2267 Multum
386 2211 519 2278 recitaris
528 2210 615 2268 laude
626 2212 795 2288 spirituum,

241 2289 347 2366 Atque
362 2292 501 2367 jubilaeis
511 2294 545 2349 in
558 2291 647 2350 choro
660 2292 821 2369 virginum,

241 2371 391 2448 Alleluya.

242 2451 418 2511 Dulcimode
574 2509 576 2514 .

241 2532 284 2591 Te
294 2533 454 2592 decantant
467 2535 607 2612 pudicum
620 2535 746 2612 agmina.

149 2653 153 2663 -
241 2613 321 2672 Laus
334 2615 392 2673 tibi
404 2617 452 2687 sit,
469 2615 596 2687 Christe,
610 2635 725 2692 semper
738 2635 791 2692 per
803 2615 911 2688 omnia,

242 2695 304 2764 Qui
317 2697 473 2773 opitularis
487 2703 626 2755 canentes
639 2698 713 2755 talia

241 2775 324 2834 Voce
337 2777 468 2852 pulchra.

241 2855 387 2933 Alleluya
546 2864 548 2872 '

241 2936 283 2994 Et
296 2957 350 2995 nos
363 2938 421 2996 tibi
434 2937 648 3014 proclamemus
661 2958 740 2997 una:

239 3018 290 3075 Da
302 3019 387 3076 nobis
401 3024 512 3077 aeterna
526 3039 617 3096 regna
629 3019 744 3092 florida,

240 3097 280 3156 In
294 3118 353 3174 qua
365 3100 424 3157 tihi
436 3107 589 3158 cantemus
603 3121 705 3163 omnes
720 3101 869 3174 Alleluya

183 3195 226 3255 Ia
238 3197 337 3256 tatoli
348 3197 442 3256 anius
455 3197 626 3274 renascereris
639 3209 665 3257 ct
673 3200 832 3277 pontificia
876 3197 1040 3276 Sequentia
1090 3203 1094 3208 ’
1121 3226 1124 3232 ·
1161 3234 1163 3238 ·
1200 3230 1206 3239 *
1220 3223 1225 3232 ·

239 3279 338 3338 Adest
350 3281 436 3337 nobis
449 3280 512 3338 dies
525 3280 604 3338 alma
617 3287 649 3338 et
661 3301 768 3358 magno
782 3281 891 3359 gaudio
904 3281 1001 3359 plena,

239 3360 280 3419 In
294 3381 353 3437 qua
362 3367 464 3418 sancta
475 3361 540 3419 Deo
553 3367 639 3439 grata
652 3363 817 3441 congaudet
830 3362 981 3436 Ecclesia,

240 3440 340 3500 Hodie
354 3442 477 3500 caelestis
490 3442 609 3501 laetetur
622 3450 721 3501 turma
722 3464 811 3522 q‚uae
823 3444 949 3521 gloriam
957 3442 1079 3502 cantat
1070 3461 1104 3499 ιιι
1116 3424 1239 3543 excelsis
1253 3456 1327 3496 voce

320 3523 472 3581 dulcisona
485 3543 553 3581 cum
563 3525 744 3619 symphonia
1165 3561 1167 3566 ·

239 3601 341 3662 Hodie
360 3604 495 3680 polorum
515 3612 617 3664 sancta
630 3607 749 3682 agmina
768 3605 938 3665 collaudant
956 3624 1056 3684 regem
1075 3603 1174 3667 Deum
1185 3581 1324 3673 nostrum

319 3691 423 3744 natum
438 3705 476 3743 ex
490 3686 606 3762 virgine
619 3695 721 3744 sancta
732 3686 838 3746 Maria.

136 3795 137 3798 ι
239 3767 317 3838 Ave,
331 3766 443 3843 inelyte
457 3766 612 3839 confessor,
626 3766 662 3824 N
660 3811 679 3839 .,
693 3767 748 3826 fios
760 3766 977 3844 pulcherrime·
968 3813 977 3841 ,

239 3846 285 3904 Τιι
298 3847 425 3925 vestigia
439 3846 552 3906 Christi
565 3854 684 3906 secutus
693 3868 724 3906 es
738 3855 839 3908 mente
852 3848 978 3922 devota3

238 3927 361 3986 AEterni
373 3929 451 4005 regis
464 3929 588 4006 adeptus
602 3949 632 3987 es
645 3949 756 4005 regna3

239 4008 311 4067 Jam
324 4010 482 4087 gratularis
496 4011 527 4067 in
542 4010 629 4068 domo
640 4030 774 4088 superna,
789 4009 942 4088 possidens
955 4010 1038 4068 sedes
1048 4009 1140 4068 almas
1154 4029 1161 4066 ι

240 4088 336 4159 Quem
346 4091 534 4166 'postulamus
547 4098 579 4150 et
590 4092 737 4169 poscimus
750 4111 819 4164 uua,
1194 4107 1202 4145 ι

239 4171 397 4248 Adjuvent
410 4178 464 4229 tua
477 4178 579 4230 sancta
592 4172 732 4268 suffragia
744 4173 880 4251 fragilem
889 4172 984 4232 vitam
998 4177 1132 4230 nostram
1142 4190 1150 4242 ;

240 4253 267 4310 0
282 4253 375 4326 beate,
388 4252 414 4311 Ο
428 4262 529 4312 sancte
542 4254 618 4313 N.
585 4274 681 4332 ,Jnva
695 4260 844 4313 catervam
858 4257 942 4314 hanc

89 4428 94 4440 ,
177 4385 259 4431 lte.
271 4383 392 4430 O—Fehx
401 4386 450 4430 stat
459 4398 562 4431 mmmm
570 4385 712 4442 angelorum
720 4385 823 4431 rutilans
832 4389 933 4432 caterva
1009 4383 1090 4444 †MS.
1103 4381 1121 4428 C
1123 4380 1289 4452 -proclamat

208 4443 344 4491 Eat-Sede
353 4443 447 4501 fulgida
455 4443 564 4504 lampade
572 4444 651 4490 tribus
661 4446 686 4490 et
695 4443 809 4503 linguas]
804 4444 938 4490 udicantta.

177 4449 311 4568 ldoEdd,
323 4457 453 4549 mansa.
485 4502 571 4550 Sarum
578 4502 797 4551 andHereiord-“
801 4459 930 4552 hiantem
