2946 5002
639 349 782 415 Ocatelae
803 348 924 416 Musca.

523 514 595 572 Tria
607 515 762 592 privilegia

560 595 665 671 Regna
678 595 807 655 tibialia

601 676 739 734 Subdunt
752 677 785 733 in
799 677 929 750 honore,

519 756 607 814 Fides
621 763 652 814 ct
665 756 773 814 militia

561 836 732 913 Uncticque
745 838 833 914 regia,

601 918 734 987 Quarum
747 919 833 976 flores
847 919 937 992 flore;

519 998 598 1071 Tibi,
614 999 640 1056 Ο
654 1000 725 1056 urbs
738 999 858 1075 inclyta,

561 1079 652 1136 Omni
664 1078 751 1137 laude
764 1080 897 1156 praedita,

601 1159 702 1216 Mater
715 1161 888 1233 studiorum,

522 1239 577 1297 Est
590 1260 696 1298 corona
710 1241 828 1313 credita,

560 1320 602 1378 Et
615 1321 648 1377 in
661 1326 692 1378 te
706 1322 842 1397 reposita,

600 1401 685 1460 Urbs
699 1401 887 1460 Parisiorum.

520 1482 561 1539 In
574 1480 632 1540 Dei
646 1484 823 1558 praeconium

560 1562 670 1620 Totum
683 1563 784 1621 confer
797 1564 937 1638 studium,

600 1643 709 1701 Totum
723 1664 773 1701 cor
786 1665 919 1722 appone3

520 1724 594 1794 Quae
609 1724 722 1782 Ohristi
735 1725 897 1801 palladium

560 1805 602 1862 Et
615 1825 703 1863 sacrae
717 1808 878 1864 sacrarium

600 1886 692 1943 Facta
706 1906 736 1944 cs
753 1907 874 1945 coronas.

519 1967 542 2024 J
542 1986 594 2024 esu
607 1967 664 2043 pie,
679 1966 701 2025 J
702 1987 752 2025 esu
766 1967 851 2040 bone,

492 2076 493 2081 ¹
559 2047 673 2105 Nostro
686 2048 772 2105 nobis
785 2049 818 2105 in
832 2068 924 2125 agone

600 2128 721 2205 Largire
733 2130 889 2187 victoriam
898 2150 907 2202 3

520 2208 621 2266 Mores
634 2216 751 2266 nostros
765 2210 806 2267 sic
820 2230 969 2287 compone,

561 2288 609 2348 Ut
621 2296 772 2366 perpetuae
786 2310 899 2348 coronae

601 2370 772 2428 Mereamur
784 2371 915 2448 gloriam.
966 2371 1074 2431 Amen.

239 2470 406 2532 Secundam
419 2467 446 2524 J
444 2469 585 2527 circanam
597 2466 616 2545 (
615 2468 673 2528 aia.
692 2469 739 2526 1-5
740 2469 769 2542 ).

240 2553 280 2610 In
293 2552 345 2610 illo
358 2558 498 2626 tempore,
512 2548 720 2626 Apprehendit
733 2550 849 2608 Pilatus
865 2550 888 2608 J
888 2570 979 2623 esum,
996 2557 1026 2609 et
1046 2550 1206 2627 flagellavit
1226 2571 1318 2628 usqua
1337 2551 1379 2611 ad

179 2634 286 2694 Exivir
299 2652 367 2710 ergo
380 2631 469 2690 Jesus
482 2637 603 2706 portans
616 2630 749 2708 spineam
761 2651 899 2689 coronam
913 2638 944 2689 et
960 2651 1143 2710 purpureum
1156 2632 1375 2691 vestimentum

241 2714 343 2774 Oredo.

242 2794 432 2868 Ofirtortum.

241 2875 342 2934 Gloria
365 2874 528 2931 ethonore
552 2873 698 2932 coronasti
721 2892 807 2932 eum:
831 2877 862 2930 et
885 2873 1068 2932 constituisti
1090 2895 1159 2932 eum
1180 2893 1267 2953 super
1289 2893 1378 2952 opera

178 2976 322 3016 manuum
335 2960 463 3027 tuarum,
479 2952 615 3013 Domine.

239 3037 361 3097 Secreta.

239 3118 371 3176 Tuorum
392 3116 530 3188 militum,
547 3135 601 3174 rex
623 3116 818 3192 omnipotens,
831 3114 975 3173 virtutem
996 3117 1169 3189 corrobora3
1193 3123 1229 3174 ut
1251 3137 1325 3194 quos
1344 3117 1378 3175 in

178 3199 267 3276 hujus
280 3197 471 3256 mortalitatis
485 3197 580 3255 stadio
593 3197 742 3273 unigeniti
754 3197 826 3254 Filii
838 3196 886 3254 tui
899 3216 1006 3254 corona
1019 3197 1157 3268 laetificat,
1176 3203 1378 3257 consummato

178 3301 266 3339 cursu
280 3280 456 3349 certaminis,
467 3276 701 3337 immortalitatis
714 3279 851 3336 bravium
863 3277 1092 3356 apprehendant.
1136 3278 1196 3337 Per
1207 3279 1342 3338 eundem.

239 3360 381 3435 Proefata'o
395 3359 430 3418 de
445 3358 542 3419 Oeace.

241 3441 422 3503 Communia.

239 3522 379 3594 Posuisti,
393 3519 530 3594 Domine,
544 3519 578 3578 in
591 3521 687 3599 capite
701 3521 764 3598 ejus
777 3541 915 3581 coronam
928 3520 965 3579 de
978 3520 1076 3599 lapide
1088 3521 1224 3598 pretioso.

239 3602 481 3662 Poatcommamio.

239 3684 390 3762 Supplices
412 3689 444 3741 te
466 3702 612 3760 rogamus,
634 3683 820 3759 omnipotens
844 3682 935 3756 Deus,
960 3687 995 3740 ut
1019 3682 1081 3741 hsce
1108 3688 1290 3742 sacramenta
1312 3702 1379 3761 quae

180 3766 366 3843 sumpsimus,
382 3784 435 3841 per
448 3769 638 3822 sacrosancta
652 3763 724 3821 Filii
737 3764 785 3821 tui
798 3783 920 3837 coronae,
932 3765 1016 3840 cujus
1026 3764 1179 3822 sollemnia
1186 3783 1378 3838 recensemus,

178 3847 333 3919 virtutem,
346 3846 432 3903 nobis
445 3845 602 3922 proficiant
614 3844 652 3901 ad
665 3844 816 3903 medelam.
855 3844 915 3902 Per
928 3845 1055 3902 eundem
1067 3843 1232 3903 Dominum
1244 3851 1379 3905 nostrum

179 3928 202 3986 J
203 3947 285 3986 esum
299 3927 451 3986 Christum
465 3925 577 3984 Filium
590 3931 685 3984 tunna
728 3925 789 3995 Qui
796 3931 904 4000 tecum,
918 3935 945 3984 at
957 3935 1055 3986 cama

631 4096 784 4156 crumas
804 4094 940 4154 Musa*

208 4291 215 4305 .
238 4208 411 4304 §mantea
437 4209 661 4286 informaturus
687 4218 714 4268 at
740 4209 859 4269 cautela
885 4209 1067 4269 obsavaada
1087 4209 1254 4286 presbytero
1277 4208 1383 4272 volenti

181 4290 480 4431 draparipaatcrpgala
503 4377 555 4446 est,
582 4377 618 4430 ut
641 4370 774 4430 sacerdos
797 4372 916 4430 musam
944 4370 1144 4430 celebraturus
1172 4371 1381 4434 conscientiam

490 4496 503 4523 ¹
520 4497 573 4544 Tha
584 4496 682 4545 Oautels
692 4510 733 4545 are
742 4497 768 4544 in
777 4497 819 4546 the
828 4497 926 4558 printed
935 4496 996 4545 Eud.
1005 4495 1070 4557 only.
