2946 5002
643 341 760 406 Prosoe.

180 506 338 564 Virtutum
351 505 492 564 miracula
503 505 541 563 ad
554 506 671 564 laudem
684 527 767 564 suam
779 507 968 584 percelebrat.

181 587 271 645 Unde
283 606 338 644 nos
351 593 435 644 tanta
447 605 600 662 precemur
612 587 704 663 patris
717 588 832 660 merita,

180 667 228 726 Ut
239 687 294 725 nos
307 667 344 725 ad
357 667 483 726 caelestia
496 687 594 725 secum
607 668 759 744 pertrahat
772 669 883 745 palatia
887 689 896 742 3

124 819 128 826 ι
178 747 243 806 Ubi
253 749 326 821 rita,
340 748 456 806 claritas
470 753 587 821 aeterna,
604 755 634 806 et
648 749 792 806 immensa
805 749 930 823 latitia;

179 829 243 887 Ubi
256 835 357 887 sancta
369 830 539 907 angelorum
552 835 651 886 turma
671 829 736 886 Deo
749 836 888 907 personat
900 830 1016 889 cantica

179 908 262 968 Voce
275 909 361 968 clara
762 992 764 998 Ι

588 1014 815 1107 nxxxvrn'

471 1166 521 1224 Dr
542 1166 661 1225 Scauro
681 1167 920 1227 AErnnnwonno.

177 1285 255 1342 Duas
276 1299 372 1342 sacas
391 1299 461 1342 mas
482 1299 549 1342 Isrs
568 1283 631 1341 dies
645 1284 730 1342 valde
742 1284 876 1360 gloriosa,

178 1365 244 1436 Qua
256 1365 337 1430 beati
351 1365 445 1442 patris
458 1371 560 1422 sancta
573 1364 768 1422 AEtbelwoldi
780 1364 890 1436 anima,

176 1445 279 1503 Exnta
291 1445 418 1522 corporis
431 1445 525 1522 gleba,
538 1445 608 1502 laeta
620 1445 697 1521 petit
710 1445 827 1503 aethera

176 1527 238 1584 Hic
250 1527 351 1602 itaque
365 1546 402 1584 ex
415 1526 550 1602 prosapia
562 1545 637 1602 puer
649 1525 746 1583 editus
760 1526 925 1584 orthodoxa
939 1533 970 1584 et
983 1527 1119 1604 ingenua,

173 1607 223 1664 Ab
235 1607 298 1680 ipsa
311 1626 393 1665 sacra
405 1607 533 1664 infantia
545 1606 640 1663 multa
655 1607 763 1663 futura
777 1607 943 1664 sanctitatis
960 1607 1013 1664 dat
1025 1609 1161 1684 insignia.

173 1685 222 1746 Ad
244 1687 303 1746 Dei
325 1693 479 1765 promptus
502 1687 642 1763 obsequia
662 1686 815 1745 universos
836 1707 953 1744 morum
976 1689 1118 1764 praecellit
1140 1690 1246 1748 mento
1259 1698 1291 1750 et

174 1787 325 1926 Benigrids
338 1854 437 1906 mente
450 1848 572 1920 sincera,
586 1847 698 1923 vigiliis
711 1866 830 1905 carnem
845 1847 985 1906 edomans
998 1854 1029 1906 et
1043 1848 1139 1907 multa
1151 1849 1276 1910 inedia*

174 1929 315 1988 (laritatis
327 1931 423 2006 gratia
435 1949 469 1987 ac
482 1928 602 2005 pietatis
614 1928 767 1986 dulcedine
780 1948 841 2005 praa
855 1929 992 1987 omnibus
1005 1929 1152 1989 affluebat.

173 2010 284 2068 Plenus
297 2010 441 2087 sapientia
454 2009 638 2067 discretionis
651 2009 805 2066 fruebatur
818 2008 962 2067 divinitus
975 2011 1141 2086 prudentia.

175 2091 390 2148 Menachorum
399 2089 555 2166 disciplina
568 2097 657 2167 atque
667 2109 782 2147 morum
793 2090 987 2148 sanctimonia
997 2091 1183 2164 informatus,
1195 2093 1289 2152 caelas·

254 2171 298 2228 tia
310 2171 473 2229 meditatur
485 2172 621 2228 exercita

172 2252 309 2310 Summus
322 2253 355 2309 in
367 2251 533 2310 obedientia
551 2257 672 2328 propter
691 2251 769 2309 clara
782 2251 852 2309 ritae
865 2252 972 2310 merita
993 2254 1203 2312 monachorum
1223 2275 1287 2332 pro

253 2332 362 2391 meruit
375 2332 440 2390 fieri
453 2337 528 2408 pat†
552 2359 567 2392 s
608 2357 623 2389 a

592 2598 802 2674 anama

521 2718 581 2797 (In
595 2735 649 2776 nne
669 2716 875 2798 Ernnrmn)

172 2833 291 2908 Gsunn,
314 2851 407 2893 vrnoo
427 2850 530 2892 narra
550 2833 709 2906 Eoonnsn,

172 2915 290 2973 Christe
303 2935 369 2992 quae
382 2915 512 2992 nuptiali
524 2915 640 2992 copula

170 2995 270 3054 Hodie
282 2995 433 3054 foederaris
446 2997 514 3054 dote
527 2996 713 3072 sempiterna,

169 3077 292 3135 Decoris
304 3076 381 3135 stola
393 3083 424 3134 et
436 3077 597 3134 immortali
610 3076 711 3153 gloria

169 3157 242 3216 Haec
255 3165 301 3216 est
313 3158 366 3215 illa
378 3177 397 3214 a
411 3157 517 3214 finibus
529 3163 615 3214 terrae
625 3156 747 3214 veniens
759 3154 870 3230 regina,

168 3238 368 3315 Voluptatum
381 3244 565 3296 terrenarum
578 3236 743 3313 respuendo
756 3236 916 3306 illecebras,

169 3319 216 3377 Ut
230 3317 394 3378 Salomonis
407 3319 497 3376 rerba
509 3319 611 3375 audiat
623 3317 779 3394 magnifica
790 3335 800 3388 ;

169 3400 281 3459 Christi
293 3400 407 3457 monita
419 3398 620 3476 amplectendo
633 3398 778 3456 sublimia

168 3481 243 3539 Haec
257 3488 301 3539 est
314 3481 367 3539 illa
379 3499 467 3538 aureo
481 3480 628 3537 virtutum
640 3479 750 3536 amictu
764 3478 908 3546 decorata,

168 3562 226 3620 Dei
239 3562 352 3620 dextrae
365 3562 502 3618 assistens
515 3560 624 3636 regina,
640 3561 724 3636 cujus
737 3560 774 3616 ab
787 3560 870 3616 intus
883 3562 929 3614 est
941 3555 1042 3632 gloria.

168 3643 265 3712 Quam
279 3642 362 3700 Deus
373 3641 557 3718 alloquendo,
572 3640 662 3712 Audi,
676 3641 784 3717 inquit,
798 3639 867 3708 filia,

168 3723 299 3781 Domum
312 3724 411 3780 Patris
424 3723 544 3798 abnega,
559 3721 670 3779 mundo
683 3720 903 3791 abrenuntians,

168 3803 216 3862 Ut
229 3804 352 3863 serveris
365 3804 438 3860 actis
451 3811 481 3860 et
495 3808 594 3860 mente
607 3803 747 3878 virginea

167 3886 269 3944 Placet
281 3885 376 3954 decor,
390 3884 486 3960 placet
499 3883 666 3957 speciositas
681 3891 740 3940 tua

168 3966 194 4025 0
208 3965 387 4036 admiranda,
402 3965 428 4022 0
442 3964 626 4041 praedicanda
639 3964 696 4022 Dei
710 3962 824 4040 gratia!

167 4048 193 4105 Ο
208 4048 362 4124 largitatis,
378 4045 404 4103 0
418 4045 537 4121 pietatis
550 4044 750 4102 abundantia!

166 4128 309 4186 Humana
323 4127 441 4185 Christo
454 4126 486 4183 in
500 4145 604 4201 sponsa
618 4125 773 4200 copulatur
785 4123 891 4180 anima.

165 4209 188 4267 J
188 4209 350 4287 ampridem
363 4227 465 4282 unum,
479 4226 539 4264 non
553 4207 619 4278 duo,
635 4206 771 4264 Christus
784 4210 815 4261 et
829 4200 965 4272 Ecclesia,

146 4335 331 4382 'MS-media
594 4333 669 4392 †MS.
680 4335 736 4379 hero
745 4331 832 4377 breaks
841 4330 879 4375 off.
1212 4382 1219 4394 .

84 4455 112 4503 th
135 4396 161 4502 lp
170 4397 230 4441 This
240 4395 288 4440 and
297 4397 337 4441 the
346 4393 472 4452 following
482 4393 603 4452 Sequanae
613 4407 652 4439 aro
661 4394 688 4438 in
698 4407 712 4438 a
722 4392 851 4438 aomewbat
864 4389 924 4435 later
933 4385 998 4433 hand
1013 4398 1044 4431 on
1059 4384 1099 4432 tha
1114 4382 1168 4430 first
1176 4381 1234 4430 folro
1248 4381 1274 4429 oi

112 4469 125 4502 a

162 4455 292 4514 anuscript.
