2946 5002
137 350 198 410 152
329 346 377 411 Ia
392 344 515 412 Natali
528 345 638 411 uatus
656 343 859 431 Goafcaaoria
871 364 945 410 aon
957 341 1145 430 Pontificio.

199 511 392 586 Offertorium.

195 593 318 650 Veritas
341 613 407 652 mea
430 600 460 651 et
484 593 683 650 misericordia
709 612 774 650 maa
802 612 868 650 cum
895 593 979 671 ipso:
1004 598 1035 650 et
1059 564 1094 649 ln
1120 591 1243 649 nomine
1269 609 1338 650 meo

135 674 317 731 exaltabitur
329 694 420 732 cornu
435 675 504 750 ejus.

197 754 237 812 Ia
252 764 373 830 tempore
386 755 533 826 Puaebala‘,
548 755 697 829 Alleluya.

197 834 392 909 Offirtoriam.

197 917 385 974 Desiderium
398 917 504 973 animae
525 917 588 991 ejus
605 915 739 972 tribuisti
758 914 794 988 ei,
810 914 955 972 Domine:
976 920 1007 972 et
1019 914 1175 972 voluntate
1188 915 1336 974 labiorum

136 999 199 1073 ejus
224 1017 286 1055 non
312 997 455 1056 fraudasti
482 1017 565 1054 eum:
584 996 710 1074 posuisti
736 997 769 1053 in
795 995 892 1072 capite
918 997 982 1072 ejus
1006 1015 1143 1054 coronam
1171 996 1209 1054 de
1236 996 1336 1074 lapide

136 1078 271 1154 pretioso.
800 1070 807 1095 ''

195 1158 315 1216 Secreta.
1181 1204 1183 1209 .

196 1239 298 1296 Sancti
307 1240 360 1307 tui,
376 1239 513 1309 Domine,
524 1257 587 1310 nos,
602 1258 778 1314 quaesumus,
793 1238 903 1313 ubique
916 1238 1084 1310 laetificent;
1098 1244 1133 1294 ut
1146 1239 1220 1296 dnm
1230 1258 1334 1297 eorum

135 1320 241 1378 merita
254 1315 416 1391 recolimus,
432 1319 597 1395 patrocinia
609 1320 778 1376 sentiamus.
822 1319 881 1376 Per
894 1318 1066 1377 Dominum.

197 1400 380 1458 Communia.
645 1395 647 1399 ’

195 1481 306 1538 Beatus
333 1499 435 1537 servus
461 1499 550 1556 quem
572 1499 639 1536 cum
665 1480 781 1537 venerit
805 1481 941 1538 dominus
963 1480 1111 1537 invenerit
1134 1480 1332 1558 vigilantem:

136 1581 231 1633 tamen,
247 1562 311 1618 dico
325 1561 417 1629 vebia,
433 1580 521 1636 super
534 1560 634 1617 omnia
644 1561 722 1617 bona
735 1581 788 1618 sna
798 1562 960 1619 constituet
970 1581 1046 1618 eum.

194 1641 216 1698 I
214 1664 236 1699 a
250 1651 372 1717 tempore
385 1641 531 1714 Paaelaab‘,
543 1642 692 1716 Alleluya.

195 1723 376 1781 Continuata.

196 1804 332 1875 Domine,
353 1804 483 1878 quinque
502 1802 615 1860 talenta
632 1803 783 1860 tradidisti
804 1803 896 1860 mibi:
917 1822 982 1861 eece
1005 1803 1064 1860 alia
1082 1804 1214 1880 quinque
1233 1823 1333 1882 super-

134 1885 266 1942 lucratus
280 1905 363 1942 sum:
386 1884 476 1959 Euge,
492 1904 574 1941 serve
596 1885 672 1941 bone
695 1890 725 1940 et
746 1885 861 1941 fidelis:
883 1885 953 1959 quia
974 1885 1007 1940 in
1021 1904 1114 1960 pauca
1127 1884 1214 1943 fuisti
1226 1885 1330 1959 fidelis,

136 1986 224 2042 supra
238 1966 333 2022 multa
346 1972 376 2022 te
391 1966 568 2021 constituam
583 1987 589 2022 ι
604 1965 684 2021 intra
693 1965 727 2020 in
740 1965 881 2041 gaudium
895 1965 1019 2021 Domini
1031 1965 1085 2024 tui.

194 2047 235 2104 Ia
249 2055 370 2122 tempore
384 2046 530 2117 Pardali,
545 2046 695 2121 Alleluya,
710 2047 844 2122 alleluya.

194 2127 373 2186 Communia.

193 2209 304 2265 Fidelis
326 2227 427 2264 servus
448 2213 478 2263 et
498 2207 635 2282 prudens
651 2226 739 2282 quem
760 2207 915 2264 constituit
935 2207 1072 2265 dominus
1085 2227 1173 2283 super
1184 2207 1328 2267 familiam

133 2309 231 2347 suam:
253 2296 287 2345 ut
301 2290 351 2346 det
366 2288 424 2344 illis
437 2288 470 2343 in
483 2294 615 2363 tempore
629 2288 723 2344 tritici
735 2308 910 2345 mensuram.
965 2322 967 2327 ,

192 2370 235 2427 Ira
249 2380 371 2444 tempore
384 2368 528 2441 Paaclaali,
544 2368 693 2444 Alleluya.

194 2450 375 2509 Coruncanio.

195 2532 291 2590 Semel
305 2531 407 2607 juravi
431 2531 464 2587 in
483 2537 584 2588 saneto
602 2549 685 2588 meo:
707 2550 807 2587 semen
828 2532 890 2606 ejus
911 2531 943 2587 in
968 2537 1111 2589 aeternum
1125 2534 1277 2591 manebit:
1297 2541 1327 2592 et

134 2614 215 2670 sedes
228 2615 300 2688 ejus,
316 2613 392 2668 sieut
404 2612 446 2668 sol
461 2612 494 2668 in
508 2618 664 2687 conspectu
672 2631 737 2669 meo
751 2633 757 2670 :
779 2618 810 2668 et
821 2614 896 2670 sicut
907 2612 978 2669 luna
989 2613 1118 2688 perfecta
1128 2616 1160 2671 in
1174 2621 1325 2688 aeternum,

130 2700 164 2750 et
177 2695 261 2750 testis
275 2695 307 2749 in
320 2694 390 2750 eaelo
402 2693 502 2750 fidelis.

192 2773 432 2831 Postcommuaa'o.

193 2853 280 2910 Beati
293 2854 331 2910 N.
349 2852 520 2909 confessoris
534 2852 580 2908 tui
593 2857 682 2928 atque
696 2852 851 2929 pontificis,
867 2855 1004 2926 Domine,
1021 2857 1167 2932 suffragiis
1178 2865 1324 2929 exoratus,

132 2935 263 3010 percepti
275 2934 449 2990 sacramenti
462 2952 516 2990 nos
529 2933 641 2990 virtute
655 2933 782 2991 defende
827 2934 885 2991 Per
898 2935 1061 2993 Dominum
1074 2944 1209 2996 nostrum
1221 2939 1244 2998 J
1245 2959 1323 2996 esum

134 3015 284 3072 Ohristum
298 3015 410 3072 Filium
423 3020 516 3073 tuum.
561 3014 628 3082 Qui.

326 3217 364 3274 Iu
384 3216 507 3273 Nasam
528 3233 622 3274 umus
643 3216 847 3275 Ooarassonrs
869 3234 931 3277 aon
952 3219 1137 3279 Porrrrrers.

101 3400 105 3410 ,
196 3341 334 3416 Officium.
379 3341 421 3398 Os
430 3341 514 3416 justi.

193 3422 301 3480 Oratio.

192 3503 315 3574 Adesto,
330 3502 467 3572 Domine,
490 3503 624 3578 precibus
636 3503 746 3560 nostris
766 3504 890 3578 quasin
911 3505 1005 3562 sancti
1023 3504 1060 3563 N.
1085 3507 1257 3567 confessoris
1278 3511 1322 3567 tui

133 3583 328 3642 sollemnitate
342 3583 497 3641 deserimus
507 3603 516 3654 ;
536 3589 570 3640 ut
588 3583 641 3659 qui
657 3588 765 3640 nostrae
781 3585 909 3659 justitia
932 3586 1070 3644 fiduciam
1091 3607 1152 3644 non
1172 3589 1319 3663 habemus,

133 3666 196 3741 ejus
210 3666 262 3742 qui
274 3665 331 3723 tibi
349 3663 460 3739 placuit
473 3663 588 3720 meritis
603 3670 633 3721 et
645 3664 780 3739 precibus
792 3665 973 3741 adjuvemur.
1016 3667 1075 3725 Per
1089 3669 1260 3731 Dominum.

193 3745 334 3820 Epistola.
375 3744 510 3802 Dilectus
523 3764 541 3800 a
555 3744 628 3801 Deo.

191 3826 292 3884 ,litera
311 3824 450 3901 Epistola.
492 3826 658 3882 Justuscor
671 3845 765 3883 suum.

192 3907 325 3964 Gradale.
369 3906 505 3976 Domine,
518 3906 694 3981 praevenisti

191 3987 339 4063 Alleluya.
387 3986 417 4045 V.
439 3987 546 4045 Justus
559 3987 743 4063 germinabit.

123 4106 126 4111 ‹
191 4068 338 4143 Alleluya
378 4067 416 4134 V.
439 4067 501 4125 Iste
515 4074 639 4125 sanctus

191 4148 353 4223 Sequentia.
398 4148 560 4223 Organicis,
575 4157 609 4204 ut
621 4149 655 4205 ia
670 4147 831 4208 Communi,

189 4228 392 4304 Ecaaqclium.
434 4229 553 4300 Videte,
568 4229 697 4304 vigilate.

188 4309 389 4385 Eaaaqclium.
432 4310 529 4367 Nemo
541 4310 696 4368 lucernam

190 4389 383 4462 Offcrtoraam.
426 4390 553 4448 Veritas.

189 4469 379 4541 Offertoriam.
423 4470 617 4530 Desiderium.
