2946 5002
698 339 825 405 Prosoe.
996 410 1000 415 ,
1299 339 1363 412 293

167 505 294 563 Paulum
309 525 409 581 aspera
424 505 503 563 inter
516 505 650 564 vincla
626 525 710 582 s1gna
723 506 903 593 comitantur
915 505 1054 578 maxima
1065 505 1156 564 donec
1166 505 1248 562 urbis
1261 505 1364 561 Roma

246 587 323 645 celsa
336 587 471 643 visitaret
484 587 619 644 culmina

157 667 275 725 ,Petrus
288 668 388 724 omnia
403 668 490 724 verbo
504 675 594 724 sanat
602 667 727 739 infirma,
742 673 884 744 praestans
898 667 980 726 caecis
989 656 1112 736 lumina,
1123 666 1267 724 suscitans
1281 665 1364 723 cada·

248 768 326 819 vera,
340 748 413 805 dans
427 760 457 805 et
471 748 556 805 bonis
570 753 676 805 cuncta
689 750 803 806 cunctis
817 750 900 806 bona.

166 829 289 885 Adsunt
302 829 418 905 gemina
432 829 462 885 in
478 828 574 885 Roma
594 829 767 885 candelabra
768 842 917 906 ,quorum
930 828 1030 886 lucent
1043 828 1157 886 lumina
1169 828 1249 885 inter
1261 826 1366 884 mundi

247 909 367 966 climata
380 910 449 966 solis
463 911 500 966 ab
515 917 621 966 exortu
636 914 667 966 et
681 929 790 967 occasu

168 990 243 1047 Haec
257 991 335 1047 inter
348 997 435 1047 tanta
448 990 558 1046 fantino
571 990 634 1046 caeli
648 991 846 1048 conscendunt
859 990 967 1067 gaudia
979 957 1034 1046 hac
1047 989 1094 1047 die
1108 993 1217 1047 sancta.

168 1070 227 1128 Per
246 1091 372 1146 quorum
393 1090 446 1128 nos
466 1070 611 1148 suffragia,
626 1070 743 1128 Christe
763 1071 858 1128 salvat
847 1081 901 1144 tor,
923 1072 1032 1147 adjuva
1052 1076 1141 1147 atque
1161 1089 1302 1128 conserva
1314 1088 1375 1146 per

246 1152 336 1210 saecla

688 1281 847 1340 XXVIII.
859 1335 861 1338 Α

193 1403 243 1460 Dn
263 1403 463 1462 Pa1rc1rmus
484 1420 578 1461 mum
599 1420 783 1463 rornrrrnus
803 1404 906 1462 Pmao
928 1421 1032 1463 sunno
1052 1420 1091 1463 sc
1111 1403 1219 1462 Pauuo
1239 1419 1336 1461 curso.

228 1518 377 1593 Alleluyu.

170 1615 306 1674 Seuerus
327 1616 455 1686 Purnus,
477 1615 613 1672 Macros
634 1615 768 1686 Pacius,

170 1697 313 1754 Doctores
326 1697 405 1752 orbis
418 1706 507 1772 atque
521 1695 659 1772 praeclara
672 1659 777 1753 muudi
789 1696 911 1769 lumina,

170 1777 297 1854 Supemi
311 1777 388 1853 regis
401 1776 547 1852 praesules,
563 1783 718 1834 narrantes
731 1776 794 1833 caeli
807 1776 944 1852 gloriam.

170 1858 278 1916 Petrus
293 1858 507 1932 Hierosolymis
521 1877 627 1934 magno
641 1858 740 1914 favore
760 1858 863 1933 populi
876 1877 994 1915 corusca
1012 1877 1115 1933 gerens
1128 1855 1287 1915 miracula:

170 1939 212 1995 Et
226 1939 337 1996 Paulus
351 1939 382 1995 in
398 1938 513 1995 Graecia
525 1938 766 2014 philosophorum
780 1945 899 2014 pectora
912 1941 1055 1996 miranter
1068 1939 1140 1996 facit
1155 1938 1314 2014 stupentia.

171 2020 312 2096 Confligit
326 2019 410 2076 docte
426 2019 531 2076 Petrus
545 2039 610 2076 cum
626 2020 745 2076 Simone
759 2039 843 2095 mago
858 2026 1001 2096 potenter,
1013 2039 1100 2095 quem
1114 2021 1237 2076 retrusit
1247 2023 1367 2076 tartara.
1399 2093 1400 2097 ἵ

170 2101 295 2158 'Resistit
309 2107 409 2157 sancto
428 2099 521 2156 Panlo
536 2119 638 2176 magus
652 2100 772 2175 Elymas
786 2107 965 2176 arroganter,
980 2101 1039 2157 duo
1053 2100 1152 2157 amisit
1165 2100 1287 2157 lumina.

171 2181 251 2238 Olim
260 2182 325 2255 jam
339 2180 461 2237 Petrum
478 2180 614 2237 Christus
624 2182 813 2256 navigantem
823 2200 875 2256 per
888 2181 982 2238 undas
995 2180 1031 2238 de
1045 2182 1117 2238 navi
1129 2180 1248 2237 vocavit
1261 2180 1368 2252 dicens,

251 2261 420 2338 Principem
437 2261 574 2318 Ecclesiae
589 2268 619 2319 te
638 2281 759 2338 ponam3
783 2262 887 2319 faciam
904 2262 1078 2338 piscatorem
1095 2261 1248 2319 hominum
1256 2281 1264 2333 ;
1289 2261 1371 2336 sequi

251 2362 341 2399 cures.
364 2366 365 2370 ¹

172 2425 212 2480 Et
222 2422 350 2480 Paulum
364 2423 427 2498 ipse
442 2423 577 2480 Christus
587 2423 820 2480 inflammantem
834 2423 971 2480 Iudaeam
986 2423 1021 2480 de
1036 2423 1105 2480 caelo
1114 2421 1369 2492 clamavitdicens,

251 2503 395 2560 Gentium
408 2504 581 2580 magistrum
595 2510 626 2560 te
636 2524 758 2581 ponam
776 2504 879 2561 faciam
895 2505 1015 2562 doctum
1028 2523 1081 2560 vas
1099 2510 1129 2561 te
1147 2504 1222 2560 mihi
1236 2503 1370 2560 doctrina

250 2604 328 2644 sana.

171 2665 255 2722 Celsa
274 2666 432 2722 caelorum.
427 2665 545 2759 agmina
559 2685 617 2740 ang
599 2665 730 2722 celorum
743 2663 882 2722 laetantur
894 2666 994 2723 videre
1009 2664 1160 2722 Christum
1175 2664 1286 2722 Filium
1300 2664 1367 2736 Dei,

251 2745 359 2803 Petrus
373 2745 479 2802 illum
472 2765 504 2802 m
522 2747 608 2803 telris
622 2747 768 2804 confessus
782 2752 827 2804 est
841 2766 910 2804 voce
924 2747 1075 2824 praecipua„

172 2826 245 2883 Oceli
258 2834 369 2884 secreta
385 2827 551 2902 penetravit
564 2833 595 2884 et
608 2826 738 2884 Paulus·
730 2827 891 2904 ,gentium
905 2828 992 2885 datus
1010 2828 1112 2885 doctor
1127 2827 1275 2908 sapienter
1287 2845 1371 2883 mun-

251 2908 323 2964 dum
337 2908 469 2978 irradiat,
484 2908 520 2965 ad
535 2908 628 2964 vitam
641 2913 813 2984 perpetuam
828 2907 956 2966 caelitus
970 2909 1087 2966 invitat.

172 2987 279 3045 Petrus
300 2989 337 3045 ab
358 2989 478 3045 Herode
492 2996 603 3064 captim,
620 2989 724 3047 vinclis
738 3009 832 3046 nexus
852 2991 893 3047 in
898 2989 1038 3060 custodia,
1053 2989 1091 3046 ab
1103 2989 1207 3066 angelo
1220 2988 1370 3059 liberatus,

251 3070 360 3145 gaudet
380 3069 510 3126 Ecclesia
530 3089 645 3146 magna.

172 3148 284 3205 Paulus
297 3151 335 3206 ab
347 3150 369 3206 J
372 3150 461 3207 udaeis
475 3156 586 3221 tentus,
601 3149 752 3207 convictus
766 3150 910 3208 Gaesarem
923 3149 1062 3227 appellat,
1076 3150 1159 3206 miris
1173 3149 1265 3226 signis
1278 3167 1370 3225 usque

252 3229 379 3287 Romam
392 3230 484 3306 fulget
498 3231 573 3288 mari
587 3237 675 3306 atque
690 3236 776 3288 terra.

172 3309 279 3367 Petrus
300 3311 426 3386 denique
439 3331 524 3368 aures
538 3311 642 3388 pandit
659 3312 802 3381 obtrusas,
817 3311 929 3368 animas
943 3311 1089 3388 purificat,
1106 3329 1283 3386 corporaque
1297 3309 1372 3366 into

252 3396 327 3468 grat,
343 3392 424 3448 caecis
437 3392 538 3449 lumen
552 3397 680 3468 praestat,
695 3392 782 3448 corda
795 3398 888 3449 sanat.

172 3470 283 3529 Paulus
303 3473 429 3548 denique
449 3492 544 3530 mores
564 3473 669 3548 pandit
689 3472 832 3543 honestos,
844 3472 993 3548 justitiam
1013 3471 1161 3548 praedicat,
1183 3470 1370 3548 prudentiam

252 3553 376 3624 dedicat,
392 3553 570 3610 fortissimus
584 3554 677 3610 instat
690 3553 882 3629 praedicando.

172 3631 282 3690 Valido
296 3633 408 3709 pollent
420 3633 539 3704 famine,
555 3634 657 3691 caelum
672 3641 826 3691 assumunt
839 3630 918 3690 rabie
932 3632 1114 3690 Neroniana:

172 3713 277 3852 gegpaa
289 3721 398 3790 petunt
410 3715 529 3772 celestia
543 3735 549 3772 :
565 3715 650 3772 nobis
663 3721 821 3792 precentur
833 3715 950 3771 veniam
964 3733 1117 3790 precamur
1131 3731 1239 3771 omnes.

195 3795 222 3853 ic
271 3801 295 3854 t.

706 3916 834 3975 XXIX.

507 4038 569 4115 (Du
590 4054 713 4096 sauorrs
734 4039 838 4097 Pnrao
858 4053 897 4096 ur
916 4036 1048 4117 Prono.)

435 4153 530 4210 Proto
544 4154 585 4210 ad
596 4152 754 4228 Sequentia
774 4154 813 4210 In
826 4172 945 4210 omnem
957 4159 1076 4211 terram.

434 4248 583 4324 Alleluya.

367 4347 478 4406 Launn
497 4363 637 4404 suenrus
659 4363 765 4419 nenos,
779 4356 918 4423 utsupra
932 4346 1003 4423 (vol
1020 4348 1052 4405 ii.
1066 4367 1094 4426 p.
1110 4346 1172 4425 59).

661 4485 674 4511 ¹
684 4481 874 4528 IIS-celitus⁸
