2946 5002
663 352 781 417 Proeoe.

631 560 790 620 XXXVI.

531 686 594 764 (Dr
614 702 729 743 seuero
750 685 923 764 Mnurluo.)

186 805 282 864 Proca
294 807 336 863 ad
348 804 504 882 Sequentia
519 806 667 876 Quoniam
681 807 763 864 Deus
776 807 878 884 neojur.

188 904 336 980 Alleluya.

129 1001 280 1069 Pnonnnn
300 1018 425 1059 cnorum
434 1001 498 1077 jam
512 1006 636 1058 conetur
648 1001 756 1059 intima

129 1081 266 1140 Carmine
280 1082 364 1157 signa
379 1082 505 1139 Martini
519 1081 674 1140 multiflua

129 1161 266 1220 Gestavit
288 1164 339 1239 qui
363 1162 467 1220 bellica
491 1163 591 1220 meriti
612 1163 673 1220 tela
694 1163 771 1221 mole
794 1162 919 1239 praedita
939 1163 1052 1222 Christi
1075 1165 1197 1222 dextera
1220 1165 1328 1223 collata

208 1243 362 1301 munifica:

128 1325 187 1382 Per
204 1343 269 1399 quae
291 1325 412 1382 vincens
433 1324 552 1400 agmina
569 1324 718 1382 virtutum
736 1325 834 1382 studio
852 1325 1003 1384 Tartarica
1016 1326 1081 1384 caeli
1098 1326 1250 1402 splendida
1263 1347 1328 1385 oon-

210 1405 359 1463 scenderet
373 1406 487 1482 gaudia.

128 1486 228 1543 Natus
241 1505 309 1542 nam
323 1486 497 1562 praefulgida
511 1486 655 1562 locuplete
669 1486 741 1543 satis
754 1487 898 1564 prosapia,

129 1566 273 1623 Mandata
286 1567 386 1643 legens
400 1587 489 1638 sacra,
505 1568 655 1624 mundana
668 1566 798 1624 deseruit
811 1587 956 1644 prospera

128 1647 275 1723 Baptismi
288 1655 470 1705 sacramenta
483 1648 608 1704 necdum
622 1648 785 1723 percipiens
798 1648 894 1720 solita,

128 1728 216 1784 Texit
229 1728 313 1804 egeni
326 1728 407 1786 nuda
420 1729 506 1786 corde
521 1728 633 1786 Christi
645 1748 749 1805 gerens
764 1729 885 1787 monita.

128 1808 187 1867 Sed
199 1809 236 1866 de
256 1827 362 1885 supera
381 1817 478 1867 certus
491 1808 591 1866 laurea
611 1809 690 1886 qnod
710 1809 840 1880 duraret,
854 1810 935 1868 fatur
953 1810 1007 1867 illa
1024 1809 1114 1868 verba
1128 1816 1223 1868 strato
1235 1809 1328 1887 quies

210 1891 289 1947 centi
303 1889 382 1948 talia
1352 1909 1356 1916 ·

128 1969 280 2028 Martinus
307 1971 367 2028 fida
392 1990 497 2047 gerens
521 1976 648 2047 pectora,
669 1971 784 2046 pollens
807 1972 878 2043 vita,
901 1971 977 2028 mihi
1000 1972 1128 2029 contulit
1151 1972 1209 2029 ista
1232 1972 1328 2030 adhuc

157 2117 160 2122 ι
209 2051 432 2108 catechuminus
445 2051 584 2128 tegmina.

130 2131 222 2188 Trina
234 2132 440 2190 defunctorum
454 2138 521 2208 post
535 2133 622 2190 busta
635 2138 853 2189 restauraverat
865 2133 935 2190 vitae
949 2153 1077 2210 corpora.

128 2212 197 2288 Ipse
211 2231 276 2288 quae
290 2219 408 2289 peracta
421 2220 487 2289 post
498 2213 574 2269 mira
587 2233 725 2289 corporea
738 2213 828 2289 liquit
842 2215 996 2290 ergastula.

129 2293 262 2351 Tonante
276 2294 411 2369 protinus
424 2314 494 2351 nam
517 2294 631 2370 fulgore
644 2293 698 2350 tali
712 2294 856 2370 praeconio
870 2295 1035 2352 lamentans
1049 2295 1218 2352 monachica

129 2373 232 2449 Atque
245 2374 379 2450 virginea
392 2381 511 2432 caterva
525 2394 594 2432 voce
607 2381 783 2450 proruperat
796 2375 949 2434 lacrimosa
962 2377 1047 2433 talia:

130 2454 155 2510 Ο
178 2460 279 2530 pastor
301 2455 377 2513 hanc
400 2461 548 2513 catervam
572 2456 620 2513 cui
648 2457 810 2513 committis
831 2476 911 2514 nunc
933 2457 1079 2534 exiguam,
1102 2457 1166 2514 caeli
1187 2457 1329 2514 scandens

231 2536 346 2593 atriam.

129 2556 280 2675 Invaiient
290 2617 370 2674 enim
383 2616 466 2673 illam
479 2637 615 2693 rapacum
631 2617 769 2693 luporum
783 2618 949 2676 mordentia
962 2618 1156 2695 plurimorum
1167 2618 1292 2695 agmina.

129 2696 214 2753 Inter
236 2697 310 2754 talia
331 2698 382 2755 sed
403 2703 521 2755 sanetus
540 2699 629 2756 verba
648 2698 712 2755 caeli
730 2699 899 2756 conscendit
916 2699 978 2756 ulta
995 2698 1107 2776 fulgida
1124 2707 1259 2776 comptus
1271 2699 1329 2757 vie

209 2778 293 2836 toria

127 2857 247 2935 Hicque
269 2859 384 2916 modica
407 2852 649 2917 contentus'vita
671 2860 802 2918 Abrahae
824 2861 998 2937 patriarchae
1020 2862 1162 2918 mansitat
1187 2862 1255 2919 sinu
1276 2881 1329 2937 per

210 2939 322 2997 saecula

130 3017 171 3075 nt
184 3039 247 3093 nos,
262 3019 403 3093 Martius,
418 3020 464 3078 fec
477 3041 561 3098 prece
575 3021 703 3098 benigna
716 3022 776 3078 frui
789 3022 894 3099 palma

636 3224 815 3282 XXXVII.

552 3347 614 3425 (Du
634 3349 753 3406 Snuoro
774 3348 911 3426 B1n1uo.)

271 3468 365 3526 Prona
379 3470 420 3526 ad
432 3469 588 3545 Sequania
603 3470 751 3549 Quoniam
766 3471 849 3527 Deus
862 3470 967 3528 eniam.

271 3560 424 3643 Alleluya.'

211 3660 336 3734 Cannu,
347 3679 441 3734 ulan,
456 3680 568 3722 rannus
583 3671 614 3721 et
628 3684 692 3740 quae
707 3671 777 3721 sunt
791 3671 906 3737 cuncta,

210 3741 302 3799 (laelos
316 3745 366 3819 qui
380 3745 456 3820 regit
469 3764 583 3802 summa
596 3746 730 3821 potentia
744 3746 872 3802 Domino
886 3745 1007 3803 laudum
1015 3744 1146 3821 jubilent
1159 3764 1267 3821 organa
1278 3767 1287 3819 ;

209 3821 342 3881 Praesens
355 3830 387 3881 et
399 3825 489 3881 turba
501 3832 601 3882 mente
615 3827 751 3883 benivola
764 3846 891 3884 consona
905 3846 973 3884 vocs
987 3832 1124 3903 personet
1137 3827 1256 3884 cantica

210 3903 270 3973 Qui
282 3904 345 3962 loca
359 3905 437 3961 orbis
451 3906 549 3981 ampla
562 3912 651 3983 atque
665 3906 752 3982 longa
765 3914 912 3964 terrarum
925 3908 1020 3983 spatia

211 3983 356 4042 Doctrina
369 3984 512 4043 catholica
524 3986 688 4045 illustravit
700 4008 782 4044 sacra
795 3986 867 4044 dans
881 3987 1027 4057 mandate,

207 4066 395 4141 Apostolicos
408 4065 518 4142 eligens
529 4067 661 4125 doctores
674 4068 731 4126 fide
746 4068 905 4127 fortissima

209 4146 256 4203 Ao
269 4146 427 4204 sanctitate
440 4147 579 4223 praeditos
592 4168 707 4206 necnon
721 4157 752 4206 et
765 4150 840 4205 mira
853 4148 982 4206 scientia

210 4226 257 4282 De
270 4246 396 4303 quorum
409 4245 475 4285 arce
488 4247 603 4286 summa
616 4235 647 4286 et
659 4229 813 4305 perspicua

208 4306 305 4364 Adest
318 4307 440 4364 Birinus
453 4314 595 4382 tanquam
608 4328 724 4386 gemma
736 4309 904 4384 splendida:

208 4385 368 4445 Provincia
381 4388 465 4463 cujus
478 4388 537 4444 ista
549 4408 602 4465 per
615 4391 764 4446 virtutum
777 4391 884 4448 merita

210 4465 362 4525 catholica
375 4474 556 4526 sacramenta
569 4476 652 4528 tenet
665 4488 698 4526 ac
712 4468 891 4529 fundamina.
