2946 5002
550 405 621 470 Pro
643 405 788 472 Femina
808 406 1018 492 Procyouotc.

535 571 618 629 Fecit
631 572 734 630 surdos
746 572 794 630 hic
808 573 917 645 audire,

533 651 637 710 Mutos
651 653 741 730 loqui,
756 654 872 711 claudos
886 656 938 725 ire,

534 732 576 790 Et
589 733 667 809 quod
681 741 725 791 est
738 734 858 792 virtutis
872 736 963 806 mirre,

574 814 734 872 Suscitavit
747 820 885 872 mortuos.

532 894 634 971 Hujus
647 895 748 953 laudes
761 896 940 968 attollamus,

531 975 596 1033 Nec
609 995 628 1033 n
643 975 730 1033 laude
743 976 924 1049 desistamus,

532 1055 590 1113 Sed
599 1057 743 1130 jocundos
757 1057 911 1114 offeramus

569 1137 610 1193 Ei
621 1137 742 1193 laudum
755 1138 894 1195 modulos,

338 1231 409 1290 illia
422 1231 585 1308 Sequentia.

528 1312 641 1370 Chorus
654 1319 754 1370 noster
762 1314 950 1389 jocundetur,

527 1394 568 1450 Et
582 1394 687 1451 devote
701 1394 864 1451 celebretur

566 1475 588 1532 J
590 1474 714 1531 ohannis
723 1477 870 1532 memoriu.

527 1555 622 1623 Quem
635 1561 793 1631 patronum
808 1557 1032 1632 congaudemus,

526 1636 579 1692 Illi
592 1637 679 1712 digne
693 1643 898 1693 concautemus

566 1715 682 1774 Laudes
696 1723 726 1774 et
740 1717 892 1792 praecouia.

526 1797 590 1854 Nos
604 1797 741 1854 condecet
754 1797 833 1854 hunc
848 1798 975 1871 laudare,

525 1880 629 1954 Atque
642 1897 755 1953 semper
767 1879 924 1954 implorare

566 1959 640 2034 Ejus
653 1958 824 2034 patrocinia.

525 2039 617 2114 Cujus
632 2040 694 2095 vita
707 2039 833 2114 gloriosa

525 2119 639 2177 Extitit
652 2119 825 2176 miraculosa

564 2200 632 2257 Sola
645 2200 702 2257 Dei
716 2200 818 2276 gratio.

523 2279 626 2338 Mutus
639 2280 709 2337 fecit
722 2280 770 2336 hic
784 2280 936 2356 loquentes

523 2361 626 2436 Atque
640 2361 742 2418 surdos
756 2362 915 2432 audientes

563 2441 691 2518 Fugerit
706 2442 856 2499 doemonia.

523 2520 599 2579 caeci
613 2523 716 2579 vident
730 2529 761 2579 et
774 2522 921 2590 lretuntur,

522 2601 628 2660 Claudi
642 2609 773 2674 currunt,
789 2609 819 2660 et
833 2611 974 2662 curantur

562 2683 677 2741 Ormcta
690 2684 785 2740 morbi
801 2703 915 2760 genero.

521 2764 581 2820 Res
595 2765 737 2833 miranda,
752 2783 803 2820 vus
817 2766 997 2823 conductum

520 2843 636 2900 Vinum
649 2844 778 2900 servarit
791 2845 936 2901 intactum

561 2924 634 2999 Ejus
647 2925 679 2980 in
690 2924 832 2981 convivio.

520 3003 657 3080 Stupent,
677 3005 825 3061 mirantur
837 3006 967 3064 convivus
979 3028 987 3080 3

519 3085 624 3156 Musti,
639 3085 711 3157 vini,
728 3092 758 3143 et
771 3085 889 3143 cervisae

559 3166 630 3223 Non
643 3166 678 3223 fit
692 3167 856 3224 minoratio.

518 3246 683 3304 Defunctus
697 3248 887 3305 resuscitatur

516 3327 704 3400 Adolescens,
720 3334 751 3385 et
764 3329 902 3385 laudatur

557 3408 669 3466 Divina
681 3411 821 3485 potentia.

507 3488 624 3568 ‘Sancte
637 3498 728 3565 puter,
744 3509 823 3546 nrmc
837 3509 998 3566 precemur,

516 3568 563 3626 Ut
577 3575 607 3626 te
621 3569 693 3627 duce
706 3570 899 3646 perducamur

554 3650 606 3706 Ad
620 3656 730 3706 reterns,
742 3651 855 3726 gaudie„

551 3730 651 3788 Amen
664 3731 764 3788 dicum
777 3731 883 3790 omniu.

643 3910 733 3970 From
753 3911 818 3971 MS.
841 3913 880 3969 D.

536 4036 602 4094 Pso
624 4036 749 4094 Firmus
772 4036 976 4096 Prnorsurn.

226 4119 334 4178 Oratio.

220 4199 311 4272 Deus,
328 4198 380 4276 qui
401 4198 517 4256 beatam
537 4197 682 4275 virginem
704 4203 735 4256 et
754 4204 883 4256 matrem.
904 4199 1032 4257 Mariam
1056 4201 1089 4257 in
1110 4208 1252 4278 conceptu
1274 4209 1305 4259 et
1326 4204 1360 4263 in

160 4287 246 4356 partu
269 4279 450 4350 consecrasti,
464 4285 495 4337 et
517 4278 539 4335 J
540 4298 627 4336 onam
648 4279 823 4355 prophetem
844 4280 881 4338 de
902 4287 1008 4339 ventre
1030 4281 1087 4338 ceti
1108 4284 1224 4358 potenti
1245 4283 1360 4344 virtute

159 4361 298 4433 liberasti,
313 4360 453 4418 famulam
471 4364 555 4417 tuam
569 4359 609 4416 N.
625 4359 774 4436 gravidam
795 4367 925 4437 protege,
942 4367 972 4420 et
985 4360 1075 4418 visits
1095 4381 1161 4421 eam
1181 4364 1214 4420 in
1235 4362 1360 4423 salutari

157 4447 218 4513 tuo,
234 4448 269 4498 ut
282 4441 378 4517 proles
391 4441 424 4497 in
437 4439 489 4497 ills
501 4444 640 4507 contente
652 4441 777 4497 feliciter
790 4441 822 4496 in
842 4441 939 4500 lucem
959 4440 1081 4520 prodest
1094 4448 1126 4500 et
1146 4446 1300 4520 perveniat
1319 4446 1356 4503 ed

159 4522 286 4598 gratiam
298 4521 408 4580 lavacri
420 4519 562 4578 soluturis.
606 4520 847 4585 PerDominum.
876 4572 881 4585 ,
