2946 5002
129 178 137 212 l

141 313 181 374 18
582 308 678 373 Festa
699 308 891 373 Februarii.

136 475 358 532 immundorum
372 476 497 551 repellat
510 475 669 551 spirituum
687 475 847 533 talsitatem
859 495 867 546 ;
889 482 918 532 et
929 476 1097 553 quicunque
1106 476 1168 533 haec
1178 476 1335 533 luminaria

137 557 241 614 devote
260 557 447 632 susceperint,
459 556 500 613 sic
508 561 678 613 mereantur
691 555 803 631 perfrui
817 556 929 627 laetitia,
946 558 1085 632 quatinus
1099 558 1218 614 obviam
1231 577 1335 632 sponso

135 642 290 713 pergentes
304 643 334 694 et
353 637 556 713 lampadarum
576 636 687 693 lumine
702 637 888 712 splendentes
902 637 940 694 ad
953 638 1074 714 nuptias
1088 644 1230 695 venturas
1242 639 1276 694 in
1289 638 1335 694 die

132 717 242 794 judicii
251 717 369 775 valeant
384 717 537 794 pervenire
551 737 618 774 cum
632 737 737 793 sponso
753 718 921 794 gaudentes.
966 718 1024 776 Per
1038 719 1165 777 eundem
1183 719 1335 776 Christum

138 798 309 856 Dominum.

199 880 282 936 Tana
333 880 531 936 accendantur
581 879 712 935 caredela.
798 876 876 958 [MS.
912 879 1107 938 D.—Dee’nde
1142 889 1337 956 aspergantur

137 959 277 1034 Sequitur
304 959 476 1035 Antepleona
504 980 569 1016 caera
597 959 715 1016 Psalmo
757 959 881 1017 candiae
905 981 985 1035 aqua
1005 961 1151 1019 benedicta
1175 971 1201 1019 et
1224 961 1336 1035 thurifi-

136 1041 269 1099 oanenda
298 1041 464 1116 subscripto.
516 1041 598 1096 Dara
625 1060 719 1097 accen-
761 1050 868 1100 ceretar.
912 1041 1016 1099 Postea
1030 1043 1227 1099 accendantur
1240 1051 1267 1099 et
1280 1041 1337 1098 dis·

135 1122 251 1180 dantar
279 1121 404 1179 caralelee
441 1120 604 1196 irecipiatar
635 1121 721 1178 Areti-
757 1122 936 1192 tribuantur,
959 1122 1127 1180 Sacoeretore
1155 1123 1336 1180 Vicariorant

132 1203 241 1279 pliona.
754 1200 1335 1282 ireatalloauoincipienterlntipltormna]

197 1295 313 1352 Lumen
327 1295 364 1350 ad
378 1294 588 1351 revelationem
600 1296 742 1371 gentium,
758 1302 789 1352 et
801 1295 926 1370 gloriam
940 1296 1034 1372 plebis
1048 1302 1106 1354 tuae
1121 1297 1223 1354 Israel.

196 1375 244 1432 Pa.
268 1375 300 1432 N
301 1396 359 1431 unc
373 1375 501 1432 dimittis
521 1394 639 1433 servum
660 1383 746 1432 tuum
761 1376 911 1433 Domine:
935 1378 1093 1434 secundum
1110 1378 1236 1434 verbum
1249 1384 1335 1434 tuum

126 1457 168 1514 in
182 1476 260 1533 pace.

195 1537 264 1594 Ant.
307 1536 431 1593 Lumen.
481 1536 508 1593 Γ,
533 1535 610 1604 Quia
624 1536 772 1606 viderunt,
789 1545 814 1593 et
828 1546 925 1595 cetera.

195 1617 322 1675 Interirn
352 1615 570 1674 distribuantur
588 1616 712 1673 carrdeloe
808 1614 884 1696 [MS.
903 1618 1131 1693 D‚-Seqaatar
1144 1619 1180 1676 ab
1194 1627 1336 1677 enecatore

130 1720 185 1775 per
195 1709 286 1756 toturn
296 1697 431 1758 Chorene.
754 1699 839 1772 officii
863 1700 903 1755 od
923 1701 1052 1773 prodant
1073 1700 1188 1758 Altaria
1206 1721 1335 1758 conaereo
1370 1758 1372 1763 ,

326 1785 328 1788 ’
756 1780 797 1835 ad
811 1777 960 1859 orientem]

200 1860 368 1918 Versicalaa
412 1859 598 1935 Responsum
613 1859 725 1935 accepit
740 1860 868 1934 Symeon
882 1881 900 1917 a
914 1860 1029 1936 Spiritu
1044 1861 1160 1918 Sancto.

197 1943 280 2017 neap.
324 1941 395 1997 Non
404 1942 536 1998 visurum
552 1961 582 1997 se
593 1946 727 2011 mortem,
743 1942 801 1997 nisi
814 1941 896 2017 prius
910 1942 1025 1999 videret
1036 1941 1188 1999 Christum
1202 1942 1336 2000 Domini,

53 2028 56 2034 ’
113 2078 117 2087 ,
136 2021 188 2104 [Et
203 2024 322 2080 dicatur
335 2022 478 2096 Alleluya
492 2022 518 2078 ai
531 2031 598 2078 ante
612 2020 861 2096 Septaayesirnam
875 2023 1113 2080 everterit-MS.
1130 2021 1183 2103 It]

196 2104 330 2161 Oremus.
378 2102 486 2160 Oratio.

195 2185 377 2254 Quaesumus,
401 2184 587 2258 omnipotens
607 2182 697 2253 Deua,
721 2189 774 2239 tua
794 2204 847 2239 nos
863 2184 1045 2258 protectione
1066 2185 1189 2256 custodi,
1206 2192 1236 2242 et
1254 2185 1336 2242 custi-

135 2267 265 2323 moniam
288 2264 438 2320 mentibus
459 2265 569 2320 nostris
591 2268 681 2338 atque
702 2264 878 2338 corporibus
902 2264 1101 2322 intercedente
1122 2266 1208 2322 beata
1230 2265 1334 2338 Maria,

135 2346 280 2422 propitius
294 2344 422 2418 indulge,
439 2350 473 2400 ut
489 2344 624 2400 veniente
639 2363 745 2418 sponso
759 2350 811 2400 tuo
829 2344 907 2401 Filio
921 2346 1074 2421 unigenito
1088 2347 1216 2402 accensis
1229 2347 1337 2422 lampa-

34 2437 37 2442 '
134 2427 220 2484 dibus
234 2425 343 2482 nostris
357 2424 481 2501 dignum
495 2431 667 2499 praestemus
681 2443 841 2481 occursum.
886 2425 944 2482 Per
958 2427 1083 2483 eundem
1098 2426 1257 2484 Christum

195 2519 248 2577 Aa
270 2517 486 2595 processionaria.
519 2515 720 2591 anteponor-2
791 2514 867 2596 [MS.
886 2519 1137 2594 D.—-Posteaytat
1146 2521 1290 2596 procantu
1304 2522 1337 2578 in

758 2599 838 2673 capis
852 2600 951 2657 sericis
963 2601 1015 2658 leoc
1035 2603 1127 2658 niodo.
1170 2600 1212 2658 In
1226 2623 1337 2676 opressa

756 2681 791 2736 de
820 2679 913 2737 Oleoro
941 2702 1031 2756 reaque
1058 2683 1099 2738 ad
1122 2681 1223 2740 Altare
1252 2682 1337 2741 beata

755 2755 791 2815 M
791 2761 862 2816 ariae
876 2762 987 2818 elicitur
1000 2761 1195 2843 Antiphone]

197 2843 265 2899 Ave
287 2841 384 2898 Maria
404 2841 500 2916 gratia
520 2841 615 2916 plena,
638 2841 697 2898 Dei
716 2841 857 2916 genitrirr,
880 2843 984 2917 virgo,
1004 2863 1042 2900 ex
1056 2850 1086 2900 te
1101 2844 1181 2900 enim
1196 2850 1278 2901 ortus
1292 2851 1337 2902 est

136 2923 180 2980 sol
189 2923 315 3000 justitiae
333 2922 505 2978 illuminans
523 2941 589 2997 quae
607 2921 640 2976 in
665 2922 794 2977 tenebris
818 2929 895 2980 sunt.
940 2923 1055 2980 Laetare
1078 2931 1122 2995 tu,
1138 2926 1236 2981 senior
1245 2926 1335 3002 juste,

136 3005 296 3081 siuscipiens
310 3003 340 3060 in
352 3002 437 3060 ulnas
451 3003 639 3059 liberatorem
659 3003 825 3058 animarum
846 3010 1014 3061 nostrarum
1028 3004 1188 3061 donantem
1201 3007 1287 3062 nobis
1307 3013 1337 3064 et

138 3085 388 3142 resurrectionem.

196 3165 268 3222 Alia
281 3163 453 3240 Antiphone
469 3161 514 3244 [in
528 3164 650 3221 statione
664 3174 730 3221 arete
744 3164 845 3220 Altare
860 3164 946 3222 beatae
960 3165 1185 3223 Martha-MS.
1202 3164 1254 3246 D].

195 3247 321 3304 Adorna
344 3246 508 3302 thalamum
528 3251 623 3317 tuum,
642 3245 734 3302 Sion:
756 3242 786 3301 et
809 3246 922 3322 suscipe
942 3266 1038 3323 regem
1065 3246 1225 3305 Christum.
1268 3247 1337 3304 Am·

135 3327 261 3404 plectere
288 3326 425 3397 Mariam,
454 3346 519 3402 quae
547 3333 592 3383 est
623 3327 746 3383 caelestis
773 3332 876 3401 porta,
910 3328 975 3403 ipsa
1003 3327 1082 3384 enim
1110 3333 1210 3404 portat
1237 3346 1337 3403 regem

137 3409 246 3484 gloriae.
289 3407 377 3465 Novo
396 3407 508 3464 lumine
532 3407 667 3464 subsistit
689 3407 778 3482 virga,
794 3406 941 3464 adducens
955 3408 986 3463 in
1001 3409 1138 3464 manibus
1158 3409 1254 3464 tilium
1268 3416 1339 3465 ante

139 3490 309 3547 Luciferum
319 3508 327 3560 5
349 3507 436 3564 quem
463 3488 609 3564 accipiens
633 3488 761 3562 Symeon
779 3487 811 3543 in
832 3487 917 3544 ulnas
939 3508 1006 3545 suas
1025 3490 1199 3564 praedicavit
1219 3489 1336 3566 populis

138 3571 290 3628 dominum
305 3589 372 3626 eum
387 3589 447 3625 esse
462 3569 532 3625 vitae
547 3575 577 3625 et
591 3569 702 3639 moltis,
719 3568 894 3625 salvatorem
908 3569 1020 3626 mundi

200 3662 352 3744 [Sacerdos
366 3662 445 3720 dicat
466 3659 700 3719 Versata—MS.
718 3658 771 3740 D.]

145 3747 174 3803 V.
197 3745 356 3821 Accipiens
386 3743 514 3819 Symeon
542 3762 667 3818 puerum
696 3742 728 3798 in
759 3741 895 3798 manibus
924 3745 1033 3820 gratias
1065 3762 1154 3818 agens
1185 3743 1339 3801 benedixit

140 3828 311 3884 Dominum,

202 3908 335 3965 Oremus.
380 3905 489 3963 Oratio.

200 3989 329 4046 Domine
343 3986 365 4044 J
366 4005 417 4043 esu
432 3984 566 4057 Christe,
591 3985 643 4061 qui
662 3984 805 4041 hodierna
825 3984 872 4041 die
893 3985 925 4041 in
939 3990 1047 4041 nostrae
1061 3985 1157 4042 carnis
1171 3985 1338 4043 substantia

141 4071 219 4126 inter
235 4069 369 4125 homines
392 4085 534 4143 apparens
558 4086 576 4122 a
598 4066 770 4141 parentibus
786 4065 818 4120 in
842 4064 953 4141 templo
977 4085 1007 4122 es
1028 4072 1231 4142 praesentatus,
1250 4085 1338 4142 quem

142 4151 269 4226 Symeon
297 4148 471 4206 venerabilis
499 4166 589 4204 senex
611 4146 723 4202 lumine
748 4146 849 4202 Sancti
874 4145 1002 4222 Spiritus
1026 4147 1184 4203 irradiatus
1206 4148 1336 4222 agnovit,

141 4232 277 4308 suscepit,
302 4237 333 4286 et
364 4229 539 4299 benedixit3
569 4235 677 4303 praesta
701 4227 853 4303 propitius,
872 4234 907 4284 ut
931 4228 1060 4303 ejusdem
1085 4227 1212 4303 Spiritus
1237 4227 1339 4284 Sancti

141 4311 236 4389 gratia
263 4310 424 4367 illuminati
457 4316 546 4386 atque
569 4309 665 4366 edocti
691 4314 722 4364 te
749 4307 893 4366 veraciter
926 4328 1115 4384 agnoscamus
1149 4315 1179 4365 et
1212 4307 1340 4366 fideliter

209 4455 221 4480 “
237 4455 290 4500 MS.
302 4453 372 4499 G-et
382 4459 463 4509 cetero,
473 4459 497 4499 at
507 4452 532 4498 io
543 4451 723 4505 Procenr'oaali,·
740 4452 758 4498 it
775 4453 831 4498 thou
843 4451 969 4523 continues
981 4453 1040 4498 with
1051 4453 1090 4500 the
1102 4453 1141 4498 Ad
1151 4452 1253 4499 illesam.
