2946 5002
604 333 765 399 Trentale.
1219 342 1283 424 189

90 544 94 552 .
146 499 388 560 Posteommumb.

146 581 238 654 Deus,
260 582 312 657 qui
325 579 527 638 inaestimabili
547 579 745 639 misericordia
766 582 879 640 animas
897 582 1067 642 mortalium
1088 585 1127 643 ab
1140 586 1284 662 angustiis

86 662 229 721 transfers
249 663 288 719 ad
307 660 457 737 requiem,
477 661 638 738 propitiare
658 662 922 739 supplicationibus
939 666 1049 723 nostris
1062 684 1117 741 pro
1130 666 1285 725 animabus

86 743 265 802 famulorum
296 741 532 818 famularumque
570 748 698 814 tuarum,
731 763 858 819 quorum
896 764 1080 822 quarumque
1112 747 1284 804 memoriam

86 823 277 900 specialitatis
303 823 410 880 affeetu
437 823 560 899 agimus,
589 829 619 880 et
642 842 696 899 pro
723 824 830 899 quibus
851 845 972 883 exorare
988 827 1064 902 jussi
1086 833 1116 884 et
1138 829 1286 885 debitores

87 924 197 978 sumus,
227 909 317 980 atque
350 903 483 960 omnium
516 904 798 980 consanguineorum
828 925 863 962 ac
893 907 1083 964 familiarium
1115 915 1283 966 nostrorum

87 991 319 1061 cunctorumque
338 984 477 1055 fidelium,
500 990 536 1040 ut
559 1003 608 1042 eos
628 985 762 1060 paradiso
786 986 953 1059 restituens,
976 987 1009 1044 in
1028 994 1149 1046 tuorum
1169 1009 1289 1046 censeas

88 1072 166 1124 sorte
175 1066 335 1143 justorum.
378 1064 437 1121 Per
451 1065 622 1125 Dominum.

252 1249 366 1307 MODUS
387 1264 580 1306 cumessam
600 1265 756 1306 TRENTALE
777 1266 833 1307 PRO
853 1266 953 1307 mna
974 1267 1119 1311 amamus

151 1380 308 1463 [Quaedam
321 1381 426 1439 mulier
438 1382 473 1439 in
486 1382 620 1440 omnibus
635 1382 819 1440 devotissima
832 1384 977 1446 aestuetis
998 1386 1165 1446 terrebatur:
1188 1395 1289 1445 secrete

90 1464 225 1541 mnaepit,
237 1472 389 1537 secreteque
399 1463 518 1538 peperit.
549 1463 619 1533 Oua
632 1463 818 1538 iniquitatem
832 1485 917 1522 uram
931 1465 1025 1523 celans
1035 1467 1134 1524 statim
1140 1478 1208 1544 post
1215 1489 1288 1544 par·

92 1555 154 1604 tum
162 1543 450 1621 puerumjuqulaait
460 1564 473 1613 ,·
493 1543 653 1618 iterumque
673 1544 797 1618 concepit
814 1554 840 1602 et
855 1545 976 1621 peperit,
991 1567 1075 1621 quern
1090 1549 1177 1606 etiam
1190 1558 1291 1606 secrete

83 1624 244 1703 jaqulrruit.
294 1623 425 1682 Tandem
445 1623 540 1682 morbo
560 1625 773 1700 superueniente
793 1635 909 1682 mortua
923 1625 1000 1700 suit.
1065 1629 1169 1687 Omnes
1192 1638 1289 1687 uuum

91 1707 229 1765 notitiem
241 1705 372 1763 babentes
393 1705 427 1762 de
446 1705 539 1763 salute
553 1705 615 1780 ejus
634 1704 795 1780 sprerubant.
837 1705 895 1763 Sed
914 1727 981 1763 cum
998 1708 1088 1783 Papa
1098 1708 1290 1784 familiarius

84 1788 171 1864 filius
184 1787 247 1862 qus
256 1787 385 1862 quadarn
394 1786 441 1843 die
450 1806 507 1862 pro
521 1786 623 1843 anima
633 1785 695 1858 ejus
705 1785 831 1842 Missam
844 1787 938 1843 deuote
951 1787 1119 1860 celebrasset,
1131 1791 1291 1848 obscuritas

93 1889 160 1927 eum
167 1888 225 1945 per
234 1867 397 1937 circuitum,
410 1875 444 1923 ut
453 1887 519 1937 nox,
531 1866 719 1937 obumbravit,
730 1866 764 1923 in
774 1887 834 1940 qua
844 1865 1009 1926 horribilem
1019 1869 1093 1926 uidit
1104 1879 1268 1928 ereaturam
1276 1893 1289 1940 ,·

93 1970 183 2026 quarn
196 1949 231 2006 in
243 1949 350 2006 uirtute
363 1947 517 2021 sanquinis
532 1947 644 2006 Christi
663 1946 835 2021 conjurarit,
850 1956 884 2004 ut
897 1948 953 2005 sibi
966 1949 1077 2022 diceret,
1089 1951 1156 2024 quis
1168 1960 1195 2008 et
1208 1951 1292 2026 eujus

94 2039 161 2088 esset
175 2029 357 2088 conditionis.
402 2029 473 2098 Qua
493 2028 533 2085 sie
553 2028 694 2103 ariarate
714 2028 766 2098 ait,
785 2027 883 2085 Mater
904 2038 957 2086 tua
976 2049 1049 2088 sum.
1092 2032 1180 2107 Papa
1199 2041 1293 2107 strpe-

86 2111 191 2186 factus
200 2111 244 2167 ait
250 2133 263 2180 ;
285 2109 353 2167 Heu
362 2129 414 2180 me,
426 2117 525 2180 rnaur,
536 2130 584 2183 eqo
592 2108 705 2166 credidi
713 2118 738 2165 te
746 2109 959 2167 sanctissimam
967 2119 993 2168 et
1003 2111 1060 2168 Dei
1068 2111 1289 2186 electumfuisse.

95 2192 135 2249 Et
144 2191 301 2268 respondit,
312 2191 398 2247 Non:
419 2198 444 2247 et
455 2210 580 2262 euusrrm,
593 2198 627 2245 ut
634 2189 809 2265 pradictum
819 2199 868 2261 est,
873 2211 928 2265 per
935 2192 1066 2249 ordinem
1076 2193 1130 2250 sibi
1139 2193 1291 2262 narrauit;

95 2273 269 2348 insuperque
290 2271 357 2339 ait,·
384 2270 456 2328 Eece
479 2290 535 2345 qno
560 2272 644 2327 modo
672 2279 810 2346 torquear.
863 2272 904 2328 Et
931 2272 1006 2329 uidit
1032 2273 1132 2347 iqneas
1151 2277 1293 2348 flamnsas

96 2375 115 2410 a
131 2353 238 2429 planta
251 2352 336 2427 pedis
356 2371 445 2425 usque
466 2352 507 2408 ad
523 2360 629 2427 pectus.
672 2352 713 2408 Et
728 2352 816 2427 petiit
836 2350 872 2409 ab
892 2371 926 2409 ea
946 2353 973 2410 si
992 2355 1066 2427 quid
1086 2355 1112 2412 ei
1129 2375 1293 2412 succurrere

92 2443 193 2511 posset.
237 2433 277 2489 Et
299 2432 377 2502 illa,·
401 2432 436 2489 Si
456 2432 522 2506 quis
541 2432 663 2489 uoluerit
681 2452 739 2507 pro
763 2433 866 2489 anima
885 2453 950 2490 mea
968 2433 1021 2491 srrb
1040 2434 1144 2509 fornia
1165 2436 1293 2510 sequenti

95 2535 196 2573 unum·
212 2512 360 2589 triqintabe
381 2513 524 2584 reamare,
545 2512 627 2569 salua
650 2512 842 2582 erm—MSS.
866 2512 889 2570 O
914 2514 939 2570 dr
963 2511 1026 2593 D.]‚
1050 2516 1294 2575 uidelicet:—tres

97 2596 202 2654 musas
228 2597 263 2653 de
289 2594 524 2651 Annuntiatione
552 2593 639 2652 beuta
667 2594 775 2650 Murice
804 2594 955 2668 Virqinis,·
986 2603 1042 2652 tres
1069 2597 1103 2653 de
1130 2597 1294 2653 illatiaitate

98 2676 222 2735 Donrini
230 2697 242 2745 ;
268 2685 324 2733 tres
343 2676 378 2732 de
397 2674 605 2750 Apparatum,
620 2673 725 2732 scilieet
744 2674 778 2730 de
799 2674 970 2750 Epiphania
978 2697 992 2741 ,·
1022 2685 1077 2734 tres
1097 2678 1131 2734 de
1152 2678 1294 2752 Purifiea

100 2759 175 2816 tione
196 2756 282 2815 beata
302 2756 409 2813 Maria
429 2755 557 2830 Virqinis
568 2778 579 2825 ;
605 2764 661 2813 tres
681 2757 715 2813 de
735 2755 973 2826 Resurrectione;
995 2765 1051 2815 tres
1071 2759 1105 2816 de
1124 2758 1295 2817 Aseernioree

99 2839 223 2897 Domini
231 2859 243 2907 ,·
265 2847 322 2894 tres
341 2837 376 2894 de
396 2837 555 2894 Pentecoste
565 2859 576 2906 ,·
598 2846 655 2894 tres
674 2838 709 2894 de
726 2836 836 2895 Sancta
852 2837 996 2895 Trinitate
1007 2860 1019 2907 ;
1041 2847 1095 2896 tres
1110 2839 1144 2897 de
1157 2831 1295 2916 dessimp-

102 2921 176 2978 tione
204 2919 290 2978 beator
316 2918 424 2974 Murice
457 2917 593 2992 Virqinis,
617 2927 642 2975 et
666 2927 722 2975 tres
748 2919 783 2975 de
810 2918 973 2976 Natiuitute
999 2919 1133 2993 ejusdem.
1189 2919 1241 2978 Ita
1261 2929 1296 2977 ut

101 3001 201 3058 Misere
220 2999 393 3057 celebrentur
414 2997 498 3072 infru
517 2999 638 3056 Oetaeas
658 3000 803 3056 dictorum
818 2999 978 3070 Fastorum,
994 3009 1019 3057 et
1033 3021 1141 3076 semper
1163 3001 1297 3076 Officium

102 3081 156 3140 erit
183 3080 257 3138 deut
283 3080 318 3136 in
343 3079 446 3155 prima
472 3080 519 3138 die
546 3100 612 3137 curn
639 3079 820 3154 sequentibus
851 3079 1046 3153 Orationibus,
1075 3082 1189 3152 seilicet,
1214 3082 1297 3139 Deus

103 3163 153 3240 qui
188 3181 218 3219 es
251 3166 354 3218 nostra
387 3159 571 3236 redempti03
603 3160 724 3230 Secreta,
754 3160 949 3235 Omnipotens
983 3161 1160 3237 sempiterne
1195 3163 1277 3219 Deus
1288 3182 1297 3233 ;

103 3242 344 3312 Postcommunrb,
361 3240 443 3298 Deus
463 3243 546 3317 eujus
560 3240 783 3311 misericordiae;
803 3249 828 3297 et
843 3239 993 3298 Orationes
1006 3262 1071 3315 qua
1084 3251 1247 3316 sequuntur
1264 3242 1299 3299 in

96 3327 158 3400 fine
181 3322 365 3381 narrationis
388 3322 477 3397 lnq'us
498 3322 637 3379 (licuntur
664 3320 792 3395 quotidie
814 3340 1004 3394 perannum
1027 3324 1061 3379 de
1082 3323 1235 3380 celebrante
1256 3324 1300 3379 ael

96 3404 224 3480 faciente
239 3403 380 3461 celebrari.
420 3404 506 3478 Papa
519 3421 583 3459 uero
593 3402 644 3459 boe
658 3401 778 3458 admisit
792 3400 843 3458 sub
857 3402 1018 3459 conditiora
1032 3412 1065 3459 ut
1079 3423 1158 3459 urerer
1172 3403 1298 3460 reuoluto

104 3485 238 3544 rontano
251 3485 397 3567 eistatum
407 3503 503 3552 suram,
518 3483 595 3557 quod
609 3481 662 3539 illa
675 3481 808 3540 concessit
822 3490 847 3538 et
861 3483 960 3539 statius
973 3484 1099 3542 euanuit.
1142 3483 1212 3540 Post
1225 3485 1300 3540 anm

105 3587 168 3624 uero
182 3565 385 3623 revolutionem
398 3584 464 3621 eum
477 3564 565 3640 Papa
579 3565 619 3620 ad
632 3563 672 3619 M
669 3564 758 3620 issam
771 3572 867 3634 staret,
880 3563 956 3620 cirea
970 3584 1035 3621 eum
1049 3564 1146 3620 lumen
1159 3565 1300 3639 apparuit

104 3646 253 3723 ineffabile.
299 3644 450 3719 Ouofaeto
464 3643 642 3721 stupq‘aetus
661 3645 736 3701 indit
756 3645 829 3701 duos
843 3644 957 3718 anqelos
976 3647 1010 3702 de
1024 3645 1088 3701 calo
1106 3646 1301 3701 descendentes

106 3737 130 3786 et
143 3729 221 3786 inter
240 3747 285 3784 eos
301 3726 529 3802 pulcherrimam
542 3726 692 3783 dominam
711 3726 850 3796 ducentes,
866 3746 955 3799 quam
976 3725 1098 3783 eredidit
1111 3745 1167 3782 esse
1179 3735 1301 3783 matrem

107 3808 332 3876 misericordioe;
353 3816 379 3864 et
390 3827 467 3882 qenu
475 3806 555 3882 flereo
572 3807 699 3865 osculari
713 3807 800 3881 pedes
813 3805 874 3880 ejus
888 3805 1026 3880 cupiebat,
1042 3813 1067 3862 et
1085 3804 1170 3875 dinit,
1186 3805 1302 3882 Regina

108 3888 322 3961 misericordiae,
351 3889 487 3944 miserere
520 3888 626 3945 enimse
657 3888 760 3943 matris
787 3906 866 3943 meae.
918 3886 989 3956 Oua
1022 3886 1176 3960 respondit,
1206 3886 1231 3943 O
1260 3887 1303 3943 fili

107 3970 263 4042 carissime,
277 3989 330 4046 ego
346 3987 410 4025 sum
429 3973 524 4024 mater
542 3975 601 4039 tua,
620 3968 755 4043 precibus
775 3967 835 4024 tuis
854 3967 985 4023 salvata:
1018 3966 1173 4023 benedicta
1192 3967 1232 4023 sit
1252 3967 1303 4024 illa

108 4048 181 4109 hora
194 4069 253 4127 qua
265 4055 296 4107 te
309 4049 455 4126 generavi.
485 4048 515 4105 Ε
516 4057 526 4106 t
539 4049 580 4106 sie
594 4050 629 4107 ab
644 4048 733 4106 oeulis
742 4047 803 4122 ejus
816 4047 941 4105 evanuit.

171 4131 280 4190 Oratio.

170 4213 261 4284 Deus,
277 4211 328 4286 qui
342 4230 372 4267 es
386 4215 487 4266 nostra
505 4207 675 4285 redemptio,
692 4215 722 4266 et
743 4209 774 4265 in
795 4215 875 4265 terra
895 4206 1096 4284 promissionis
1116 4215 1186 4265 ante
1205 4228 1304 4266 omnes

110 4299 204 4351 terras
225 4292 307 4350 nasci
334 4291 457 4367 elegisti,
480 4295 663 4365 mortemque
685 4290 795 4347 ibidem
822 4288 1007 4360 sustinuisti3
1040 4288 1135 4346 libera
1158 4289 1303 4365 propitius

111 4375 240 4431 animam
261 4372 367 4429 famuli
388 4373 434 4428 tui
454 4371 494 4427 N.
517 4370 711 4427 demonibus
737 4370 912 4439 daemonum,
936 4373 966 4426 et
988 4369 1112 4427 eandem
1133 4376 1245 4427 terram
1268 4371 1304 4427 de

24 4502 36 4529 „
111 4461 257 4532 potestate
278 4470 476 4529 paganorum
504 4456 539 4510 ut
558 4448 685 4528 populus
705 4451 757 4524 qui
777 4449 810 4504 in
830 4456 860 4506 te
883 4468 942 4506 non
965 4449 1067 4522 credit,
1087 4470 1140 4528 per
1160 4451 1304 4509 virtutem
