2946 5002
590 364 686 432 Festa
705 362 907 432 Novembrm.

212 527 411 604 Evangeliiaa.
454 528 541 587 Nihil
555 538 697 607 opertum.

212 608 403 682 Offertoriam.
447 609 548 668 Gloria
560 618 591 670 et
604 613 721 672 honore.

210 689 330 748 Secreta.

210 769 339 847 Suscipe,
364 772 500 844 Domine,
523 773 655 830 fidelium
677 793 776 850 preces
799 791 866 831 cum
891 772 1090 832 oblationibus
1112 773 1285 844 hostiarum,
1307 781 1343 833 at

150 847 345 910 intercedente
358 854 444 912 beato
457 853 610 911 Theodoro
623 861 753 930 martyre
766 860 827 925 tuo,
846 874 899 931 per
911 854 973 912 haec
993 855 1050 931 piae
1064 855 1230 914 devotionis
1250 856 1344 914 officia

148 929 186 987 ad
199 931 342 990 calestem
354 935 479 1010 gloriam
492 942 683 992 transeamus.
726 935 791 992 Per.

210 1010 388 1072 ammana.
431 1015 570 1074 Posuisti.

207 1093 468 1154 Poetammanto!

206 1173 320 1232 Praesta
347 1177 442 1248 nobis,
470 1176 606 1249 Domine,
635 1195 810 1252 quaesumus,
837 1177 1036 1235 intercedente
1070 1178 1156 1235 beato
1190 1176 1342 1236 Theodoro

146 1260 275 1331 martyre
289 1262 350 1330 tuo,
366 1262 401 1315 ut
414 1277 479 1334 quae
493 1277 542 1316 ore
556 1257 732 1335 contigimus
745 1278 820 1333 pura
832 1265 932 1316 mente
945 1257 1100 1335 capiamus.
1143 1257 1209 1315 Per.

255 1481 368 1541 Sauorr
389 1483 541 1556 Maurum,
564 1501 647 1542 rara
667 1501 704 1542 ar
725 1501 929 1544 corrassorus.
973 1486 1024 1563 (iv.
1042 1484 1121 1545 Non.
1138 1485 1230 1565 Nor.)

138 1623 143 1637 '
206 1622 345 1696 Officium.
388 1623 557 1682 Sacerdotes
571 1624 637 1682 Dei.

206 1703 315 1763 Oratio.
358 1704 414 1777 Da,
429 1725 603 1782 quaesumus

204 1784 358 1860 Epistola.
387 1786 492 1844 Omnis
504 1786 647 1862 pontifex.

205 1863 339 1926 Gradalc.
380 1867 455 1925 Ecce
468 1867 607 1924 sacerdos.

203 1945 352 2024 Alleluya.
398 1949 428 2007 V.
450 1947 542 2005 Posui
554 1947 741 2024 adjutorium.

202 2026 404 2103 Eratqciiam.
447 2028 588 2105 Vigilate,
602 2027 673 2104 quia
685 2027 810 2086 nescitis.

204 2106 396 2181 Offertoriam.
440 2108 549 2166 Inveni
563 2107 669 2166 David.

203 2186 385 2249 Oaramaaio.
428 2189 564 2260 Domine,
579 2189 718 2264 quinque.

221 2413 333 2474 Sanan
354 2415 506 2483 Murmur,
528 2428 663 2471 nersoom
683 2428 721 2469 nr
741 2427 945 2470 conrassoars.
989 2411 1043 2486 (iii.
1059 2412 1137 2471 Nou.
1154 2393 1245 2491 Nor.)

202 2552 358 2628 Offiairaa.'
387 2553 507 2611 Statuit.

201 2633 311 2693 Oratio.

200 2713 291 2788 Deus,
307 2715 360 2791 qui
373 2713 515 2790 conspicis
529 2713 599 2789 quia
612 2732 650 2770 ex
663 2711 746 2770 nulla
759 2717 860 2770 nostra
873 2712 987 2770 virtute
1000 2711 1195 2785 subsistimus,
1210 2717 1334 2775 concede

136 2795 294 2871 propitius,
309 2801 345 2852 ut
357 2795 563 2853 intercessione
575 2793 655 2851 beati
670 2792 796 2850 Martini
818 2793 990 2851 confessoris
1010 2795 1058 2851 tui
1077 2800 1166 2872 atque
1185 2797 1334 2873 pontificis

138 2883 243 2934 contra
256 2877 356 2935 omnia
369 2876 491 2934 adversa
504 2874 679 2931 muniamur.
723 2874 782 2931 Per
794 2874 965 2933 Dominum.

197 2968 343 3028 Memoria
356 2968 391 3027 de
404 2977 501 3026 aarrcto
514 2968 633 3025 Merena.
678 2967 787 3024 Oratio.

166 3073 171 3081 ·
198 3049 320 3120 Praesta,
335 3068 511 3126 quaesumus,
526 3048 711 3123 omnipotens
725 3047 816 3120 Deus,
831 3053 867 3104 ut
880 3047 933 3124 qui
952 3049 1032 3106 beati
1052 3049 1172 3107 Mennae
1192 3052 1332 3128 martyris

138 3130 185 3187 tui
199 3130 338 3189 natalitia
351 3131 483 3200 colimus,
498 3128 706 3187 intercessione
720 3129 783 3205 ejus
795 3128 829 3185 in
841 3129 888 3186 tui
901 3130 1029 3188 nominis
1041 3149 1140 3188 amore
1152 3131 1330 3190 roboremur.

136 3210 202 3269 Per.

196 3292 338 3368 Epicteto.
381 3292 456 3349 ane
469 3289 601 3348 sacerdos
614 3309 738 3365 magnus
752 3289 849 3365 quiin
863 3288 927 3346 vita
940 3308 999 3346 sua.

198 3372 333 3432 Gradala.
375 3373 505 3431 Juravit.

196 3453 344 3530 Alleluya.
393 3453 422 3510 V.
444 3452 505 3509 Hic
526 3449 678 3508 Martinus
698 3469 809 3528 pauper
829 3455 859 3508 et
878 3449 1010 3506 modicus
1023 3450 1127 3507 caelum
1140 3450 1221 3508 dives
1234 3452 1328 3528 ingre-

131 3533 236 3592 ditur:
255 3533 374 3611 hymnis
387 3532 550 3592 caelestibus
563 3532 733 3588 honoratur.

195 3625 360 3702 Sequentia.

135 3706 321 3765 Sacerdotem
347 3706 460 3764 Ohn'sti
483 3704 650 3762 Martinam
673 3708 780 3761 cuncta
802 3723 855 3781 per
876 3703 977 3762 orbem
998 3708 1085 3761 canat
1109 3703 1228 3762 ecclesia
1249 3705 1328 3781 pacis

135 3786 454 3944 Atqueeailliidliieiomen
468 3864 563 3923 omnis
576 3863 730 3922 haereticus
743 3863 839 3942 fugiat
852 3863 986 3942 pallidus

135 3947 291 4006 Pannonia
303 3948 423 4005 laetetur
435 3945 573 4024 genetrix
586 3945 655 4002 talis
668 3945 742 4017 filii3

134 4028 225 4086 Italia
238 4029 369 4087 exsultet
382 4026 486 4084 alitrix
499 4026 579 4083 tanti
588 4025 726 4101 juvenis:

135 4109 175 4166 Et
189 4108 294 4167 Galliae
307 4109 388 4166 trina
401 4107 507 4164 divisio
521 4125 602 4163 sacro
616 4111 708 4163 certet
721 4105 826 4181 litigio,
841 4105 925 4180 cujus
938 4122 1000 4160 esse
1014 4102 1118 4161 debeat
1131 4106 1256 4181 praesul;

135 4189 175 4246 Et
187 4190 300 4327 ppriter
318 4189 425 4246 habere
445 4208 476 4245 se
495 4192 610 4263 patrem
630 4205 730 4258 omnes
749 4185 896 4262 gaudeant
904 4204 914 4257 ;
934 4183 1046 4241 Turoni
1065 4184 1120 4241 soli
1140 4186 1203 4262 ejus
1222 4207 1325 4265 eorpus

225 4276 341 4328 aveant.

191 4422 204 4449 ¹*
219 4420 272 4466 MS.
293 4419 445 4466 D.-Sancta
468 4421 518 4474 tua,
543 4416 653 4473 Domine,
676 4429 721 4461 nos
746 4419 840 4474 sumpta
863 4414 999 4474 purificent,
1023 4419 1048 4461 et
1071 4415 1231 4466 intercedente
1255 4422 1325 4470 mato

134 4478 259 4528 Theodoro
269 4484 374 4540 rartyrc
383 4483 434 4535 tuo,
443 4477 474 4524 ad
483 4479 604 4538 perpetua
613 4473 768 4523 beatitudinis
778 4473 924 4522 consortium
938 4473 1095 4522 introducant
1126 4477 1173 4525 Per
1187 4476 1325 4531 Dominum.
