2946 5002
682 327 777 390 Festo
799 326 904 391 Jottt.

380 541 492 599 Senem
514 541 700 614 Gsurssnnr,
723 559 929 601 conrnssonrs.
975 541 1047 619 (viii
1064 543 1110 600 Id.
1127 543 1204 621 Jul.)

252 671 392 748 Officium.
437 674 478 731 Os
487 674 573 749 justi.

252 755 362 814 Oratio.
406 755 528 811 Adeste.

249 835 392 911 Epistola.
435 835 457 892 J
458 845 543 892 ustus
557 855 608 892 eor
621 855 715 892 suum.

253 916 387 974 Grodole
432 917 473 974 Os
482 917 567 991 justi.

249 997 399 1073 Alleluya.
448 998 476 1056 V
499 997 607 1054 Justus
620 997 806 1072 germinabit.

250 1078 450 1152 Evonpolium.
495 1079 592 1135 Nemo
606 1078 765 1134 lucernam.

251 1159 444 1234 Offirtorium.
488 1158 617 1215 Veritas,

252 1239 435 1300 Communia
479 1239 590 1296 Beatus
605 1258 713 1296 servus.

284 1452 411 1510 Sinerrn
432 1452 610 1522 Evssmnm,
632 1468 770 1508 vrnsnus
790 1466 853 1508 non
874 1467 1033 1509 nummus,
1079 1450 1140 1528 (vii.
1158 1451 1203 1508 Id.
1218 1451 1297 1526 Jul.)

251 1596 392 1673 Officium.
436 1595 580 1651 Dilexisti
589 1594 749 1669 justitiam.

251 1678 361 1755 Oratio.
405 1677 601 1752 Omnipotens
616 1677 793 1750 sempiterne
808 1675 898 1731 Deus,

249 1759 390 1834 Epistola.
435 1758 495 1826 Qui
508 1756 660 1831 gloriatur.

251 1840 386 1898 &adalo
430 1839 556 1913 Propter
571 1837 734 1894 veritatem.

248 1921 398 1995 Alleluys.
448 1919 476 1976 V.
499 1918 647 1974 AEmulor.

248 2002 412 2077 Sequentia.
456 1999 593 2074 Virginis
607 1998 790 2056 venerandae.

249 2082 449 2156 Evonpelium.
494 2080 598 2136 Simile
612 2086 656 2136 est
670 2098 794 2154 regnum
807 2080 943 2136 coelorum
958 2079 1058 2136 decem
1071 2078 1245 2155 virginibus.

250 2162 442 2237 Offirtorium.
487 2159 663 2243 Offerentur‚
680 2161 787 2215 opinus.

250 2243 432 2304 Oommooio.
477 2242 615 2316 Quinque
629 2241 798 2316 prudentes,

300 2456 487 2513 Sincronun
508 2470 624 2510 sursum
649 2453 812 2524 anrnun,
836 2469 1016 2512 usnrrsurr.
1036 2502 1045 2523 ,
1062 2455 1113 2531 (vi.
1136 2454 1181 2512 Iri
1205 2454 1281 2532 Jul.)

252 2589 393 2664 Officium.

248 2671 391 2739 Luudate,
416 2668 508 2743 pueri,
536 2667 708 2737 Dominum,
732 2666 851 2723 laudate
874 2687 983 2724 nomen
1005 2668 1146 2727 Domini:
1182 2670 1234 2746 qui
1256 2670 1389 2727 habitare

187 2751 257 2811 fecit
271 2750 402 2807 sterilem
415 2750 448 2806 in
462 2749 548 2806 domo
563 2754 689 2805 matrem
702 2747 832 2805 filiorum
845 2748 1004 2805 laetantem.

249 2831 396 2888 Psalmus.

249 2912 296 2969 Sit
329 2930 438 2968 nomen
473 2908 597 2967 Domini
631 2909 837 2966 benedictum:
877 2930 916 2990 ex
951 2910 1016 2982 hoe,
1048 2931 1136 2983 nune,
1170 2918 1200 2969 et
1231 2932 1324 2987 usque
1358 2913 1391 2969 in

188 2994 335 3052 soeculum.

253 3073 362 3149 Oratio.

248 3155 369 3226 Preesta,
385 3172 561 3230 quaesumus,
578 3152 764 3228 omnipotens
782 3153 871 3224 Deus,
888 3158 924 3209 ut
937 3154 990 3228 qui
1002 3153 1144 3229 gloriosos
1164 3160 1309 3230 martyres
1322 3161 1390 3211 tuos

187 3237 278 3295 fortes
291 3237 323 3291 in
338 3255 391 3291 sus
404 3235 584 3291 confessione
598 3234 796 3309 eognovimus,
812 3235 876 3309 pios
890 3235 970 3310 apud
981 3242 1011 3292 te
1022 3237 1055 3291 in
1067 3241 1170 3294 nostra
1182 3236 1390 3293 intercessione

189 3317 360 3378 sentiamus.
404 3316 469 3372 Per.

248 3397 388 3473 Epistola.
432 3396 687 3460 Rememoramini
704 3396 845 3471 pristinos
865 3396 935 3452 dies.

251 3478 386 3536 Gradul.
429 3476 542 3533 Anima
563 3482 671 3532 nostra.

248 3560 397 3634 Alleluya.
447 3558 475 3615 V.
499 3557 640 3627 Laud-rte,
656 3558 740 3632 pueri
754 3559 927 3636 Dominum,
943 3557 1063 3616 laudate
1076 3577 1185 3615 nomen
1199 3558 1330 3616 Domini.

248 3639 449 3714 Evonpolium.
493 3638 648 3713 Loquente
668 3638 749 3694 Jesu.

251 3722 445 3795 Offortorium.
488 3720 602 3776 Anima
622 3725 730 3774 nostra.

250 3802 371 3861 Secreto.
625 3870 627 3874 y

249 3883 405 3941 sacrifieiis
432 3880 635 3956 praesentibus,
660 3880 798 3950 Domine,
826 3899 1000 3955 quaesumus,
1030 3881 1151 3939 intende
1185 3882 1325 3957 placetne,
1355 3888 1392 3938 ut

188 3964 439 4022 intercedentibus
457 3963 565 4018 sanctis
582 3961 643 4017 tuis
662 3961 813 4018 devotioni
834 3968 941 4018 nostrae
963 3963 1119 4038 proficiant
1139 3968 1170 4020 et
1192 3963 1288 4020 saluti.
1333 3963 1392 4021 Per

192 4046 363 4102 Dominum.
1309 4057 1312 4061 ’

250 4124 433 4183 Oommmoio.
478 4124 655 4198 Quicunque
668 4123 779 4180 feeerit.

250 4205 494 4264 Postoommum'o.

250 4288 433 4357 Quaesumus
453 4287 638 4361 omnipotens
656 4285 746 4354 DeuS,
766 4291 800 4341 ut
822 4285 1074 4343 intercedentibus
1096 4286 1205 4344 sanctis
1227 4285 1288 4343 tuis
1309 4285 1392 4343 illius

188 4369 325 4426 salutaris
340 4368 489 4444 capiamus
503 4368 649 4439 effectum,
666 4367 749 4441 cujus
774 4385 826 4440 per
847 4366 908 4424 haee
927 4368 1068 4443 mysteria
1089 4368 1197 4444 pignus
1218 4367 1390 4443 accepimus.

190 4451 255 4507 Per.
