2946 5002
340 378 461 444 Missoi
478 377 585 464 Officcs
600 377 696 463 from
709 377 760 444 tho
774 377 911 463 Boayor
924 376 1114 464 Pontificoi.
1260 377 1322 441 329

363 593 403 650 In
423 593 616 650 Nnrrvnnrn
637 592 758 652 Dounu
778 610 819 650 nn
838 608 953 652 sancus
973 592 1091 651 Manu.

243 721 336 781 Misso
349 722 445 782 votiva
458 743 478 781 a
491 691 654 782 Notioitotc
667 723 791 781 Domini
803 744 894 800 usquc
907 723 950 784 ud
960 723 1207 799 Parificotioncm.

190 843 419 985 l(iliiloiiriiituum
438 925 674 1003 deprecabuntur
693 947 794 986 omnes
812 928 921 986 divites
934 927 1045 1005 plebis:
1065 926 1249 986 adducentur
1261 923 1325 1001 regi

128 1007 256 1083 virgines
281 1013 348 1084 post
368 1027 449 1065 eam:
473 1008 615 1084 proximae
636 1010 699 1084 ejus
719 1009 902 1067 adducentur
922 1009 979 1067 tibi
998 1009 1031 1066 in
1051 1008 1158 1068 laetitia
1178 1015 1209 1065 et
1229 1006 1324 1064 exsul-

19 1158 22 1164 ,
129 1087 250 1146 tatione.

190 1168 335 1226 Paulinus.

188 1249 344 1306 Eructavit
357 1268 407 1306 cor
420 1268 518 1307 meum
531 1250 656 1308 verbum
669 1251 797 1309 bonum:
817 1250 883 1309 dico
896 1270 950 1328 ego
963 1270 1052 1328 opera
1064 1270 1130 1309 meu
1143 1250 1212 1328 regi.

191 1328 299 1387 Oratio.
343 1329 425 1389 Deus
438 1333 490 1406 qui
503 1331 615 1404 salutis,
631 1340 657 1389 ct
670 1341 761 1391 cetera
775 1332 827 1409 (ut
839 1352 940 1408 suma,
954 1333 1012 1391 vol
1027 1333 1056 1389 ii.
1072 1352 1100 1409 p.
1118 1332 1202 1411 161)
1284 1366 1286 1370 ·

188 1410 237 1468 Au
252 1411 353 1468 Titum
367 1411 428 1488 (iii.
446 1414 520 1488 4-7).
991 1466 994 1472 .

189 1489 364 1549 Oarissime:
395 1493 546 1568 Apparuit
569 1491 735 1569 benignitas
761 1495 919 1568 conquaeri
945 1514 1026 1570 spem
1050 1495 1120 1551 vitae
1147 1498 1264 1551 aeternae
1291 1490 1324 1548 in

128 1569 248 1628 Christo
260 1573 283 1630 J
284 1578 335 1630 esu
349 1572 480 1630 Domino
493 1579 602 1630 nostre.

190 1651 324 1710 Gradcie.

122 1742 124 1748 ’
190 1732 343 1810 Speciosus
356 1733 450 1791 forma
463 1753 523 1810 prae
536 1733 606 1792 filiis
618 1733 790 1793 hominum:
811 1735 917 1795 diffusa
930 1741 975 1793 est
987 1736 1083 1813 gratie
1095 1734 1129 1792 in
1141 1734 1227 1793 labiis
1240 1732 1308 1791 tuis

135 1812 165 1871 V.
191 1814 348 1871 Eructavit
375 1834 424 1872 cor
450 1834 549 1872 meum
575 1816 699 1873 verbum
726 1817 854 1874 bonum:
886 1817 951 1874 dico
972 1836 1025 1894 ego
1049 1835 1136 1893 opera
1157 1834 1223 1873 mea
1244 1813 1324 1892 regi:

126 1893 232 1972 ¹lingua
244 1914 310 1952 mea
322 1896 451 1953 calamus
464 1896 565 1953 seribae
579 1895 719 1954 velociter
731 1897 893 1957 scribentis.

190 1975 339 2052 Alleluya
666 2031 667 2034 ,

189 2055 357 2114 Secundum
369 2057 482 2115 haccon
495 2057 544 2134 (ii.
563 2058 669 2134 15-20)

189 2137 229 2197 In
248 2137 300 2194 illo
321 2144 462 2214 tempore,
484 2137 621 2196 Pastores
642 2139 838 2216 loquebantur
861 2139 899 2198 ad
923 2138 1050 2197 invicem
1071 2159 1161 2214 usquc
1184 2138 1225 2195 ad
1249 2135 1326 2194 sicut

129 2216 242 2275 dictum
256 2224 300 2276 cst
313 2218 350 2276 ad
364 2219 437 2278 illos.

190 2297 385 2373 Offirtorium.

189 2378 360 2458 Offerentur
372 2380 434 2457 regi
447 2380 576 2457 virgines
588 2387 655 2456 post
669 2401 752 2440 eam:
774 2383 916 2459 proximae
930 2383 992 2458 ejus
1006 2383 1165 2438 offerentur
1177 2379 1242 2438 tibi.
1310 2383 1313 2388 '

188 2459 310 2518 Secreto.
768 2477 769 2480 ’

189 2539 313 2612 oblatis,
329 2541 465 2614 Domine,
487 2543 668 2615 muneribus,
689 2543 862 2621 suppliciter
883 2543 1080 2620 deprecamur,
1095 2547 1130 2599 ut
1151 2540 1204 2617 qui
1224 2558 1326 2598 veram

129 2620 223 2678 Verbi
242 2622 290 2678 tui
311 2622 545 2679 incarnationem
572 2623 699 2681 fideliter
718 2643 903 2697 veneramur,
924 2643 1025 2682 veram
1045 2624 1110 2700 ejus
1129 2620 1330 2679 substantiam>
1356 2672 1358 2678 .

127 2701 223 2758 carnis
236 2721 270 2760 ac
284 2704 444 2780 sanguinis,
459 2723 547 2779 quam
567 2723 621 2780 per
641 2704 786 2782 Spiritum
805 2705 947 2764 Sanctum
963 2705 1046 2782 virgo
1068 2711 1162 2762 mater
1175 2701 1277 2775 edidit,
1292 2701 1326 2758 in

127 2781 182 2840 hoc
195 2785 334 2859 praescnti
348 2784 488 2860 mysterio
501 2784 659 2843 salubriter
671 2787 873 2864 percipiamus.
916 2786 974 2845 Per
987 2786 1121 2844 eundem.

191 2862 374 2923 Commutatio.

189 2943 305 3002 Diffusa
328 2953 373 3003 est
395 2945 492 3023 gratia
514 2946 545 3003 in
567 2947 653 3004 labiis
677 2947 751 3006 tuis:
778 2955 933 3026 propterea
959 2947 1112 3006 benedixit
1136 2953 1166 3005 te
1188 2946 1271 3004 Deus
1294 2945 1326 3002 in

130 3028 281 3084 [eternum.

189 3105 432 3165 Postcomouuaio.

188 3186 246 3259 Da,
269 3206 445 3262 quaesumus,
471 3188 634 3246 misericors
662 3188 753 3262 Deus,
781 3190 845 3265 ejus
872 3209 925 3247 nos
951 3191 1092 3247 continua
1118 3187 1326 3246 intercessione

129 3267 268 3342 vegetari,
290 3268 373 3344 cujus
393 3268 510 3344 integra
529 3269 702 3345 virginitate
723 3271 902 3345 suscepimus
925 3277 1074 3327 auctorem
1094 3275 1203 3326 nostrae
1223 3268 1327 3326 salutis

129 3343 291 3404 Dominum
305 3356 441 3405 nostrum
455 3349 477 3406 J
479 3367 560 3421 esum
575 3349 725 3406 Christum
741 3350 851 3406 Filium
865 3356 959 3407 tuum.
1003 3351 1063 3421 Qui
1072 3355 1178 3408 tecum.

537 3549 638 3608 Mrssn
659 3567 716 3610 rao
737 3552 922 3611 Drrnrcrrs.

190 3676 331 3753 Officium.
374 3678 529 3756 Requiem,
544 3690 571 3739 ct
585 3690 676 3739 cetero
689 3682 741 3754 (ut
754 3704 854 3759 supro,
870 3684 927 3741 vol.
943 3684 972 3743 ii
989 3705 1016 3761 p.
1035 3683 1118 3762 183).

108 3831 113 3842 .
188 3758 335 3820 Pscimus.
378 3760 418 3818 Te
431 3761 523 3834 decet,
538 3771 667 3820 etcctero
680 3763 787 3842 (ibid.)
815 3774 818 3784 ‘

190 3839 299 3899 Oratio.
343 3840 469 3913 Inclina,
483 3851 509 3900 ct
523 3851 614 3901 cetero
626 3843 734 3922 (ibid.)
936 3898 938 3903 ,

188 3919 285 3979 Lectio
299 3921 368 3980 libri
380 3922 622 3982 Mccbobaeoorom.
666 3924 725 3981 Vir
738 3925 915 3984 fortissimus
928 3927 950 3985 J
950 3926 1031 3998 udas,
1047 3936 1073 3986 et
1087 3936 1177 3986 cetero
1190 3925 1298 4005 (ibid.)

188 4001 284 4060 Lectio
296 4002 367 4061 iibri
379 4003 457 4061 beuti
466 4001 616 4063 «Iohannis
628 4003 653 4061 A
653 4005 768 4081 postoli.

189 4081 229 4139 In
242 4082 345 4141 diebus
357 4082 424 4155 illis,
440 4084 555 4142 Audivi
567 4105 677 4158 vocem,
691 4096 718 4143 ct
732 4096 822 4144 cetero
836 4088 877 4166 (p.
895 4086 973 4166 184).

189 4161 325 4222 Grudole.
369 4164 523 4240 Requiem.
819 4201 820 4204 =

134 4241 163 4314 V.
188 4243 328 4315 Absolve,
344 4254 370 4302 et
384 4255 484 4303 cetero.¹
528 4248 530 4253 ’

190 4324 321 4384 Tractus.
365 4326 412 4384 Dc
425 4327 587 4403 profundis,
604 4337 630 4385 et
644 4337 741 4386 cetero.

188 4403 356 4464 Secundum
369 4407 396 4462 J
394 4407 543 4465 clinomeni.

188 4485 227 4543 In
240 4486 292 4546 illo
306 4493 445 4564 tempore,
461 4489 550 4547 Dixit
564 4489 686 4559 illartha
699 4490 735 4547 ad
752 4491 774 4547 J
776 4509 867 4564 esum,
882 4501 908 4549 et
922 4500 1019 4550 cetero.
