2946 5002
626 318 721 383 Ferte
735 314 854 382 Jooie‘.

504 484 595 542 Pater
607 489 730 561 praestat
743 483 823 555 alios,

504 565 571 623 Hos
584 584 676 623 novos
690 573 721 622 et
736 565 833 622 varios

544 646 656 703 Probat
674 645 761 718 color,
778 645 937 721 quantitas

504 725 637 783 Glorioso
650 726 733 783 miles
748 726 861 783 christi

503 807 590 864 Plebi
603 807 671 883 pius
684 807 756 864 assis
769 807 828 879 isti,

544 888 675 945 (thorum
689 907 771 945 sume
784 885 972 964 supplicem*

503 968 562 1025 Fer
574 969 703 1027 solamen
717 969 828 1026 mundo
841 969 923 1026 tristi

503 1049 545 1106 Et
559 1069 646 1125 quem
660 1050 717 1107 tibi
730 1049 886 1125 placavisti

544 1130 639 1188 Nobis
652 1131 735 1207 placa
750 1131 890 1207 judicem

197 1226 404 1301 Eeonq'eliam.
447 1225 535 1283 Misit
547 1227 645 1287 Jesua

200 1307 398 1382 Offlrtoeioma
439 1306 569 1366 Veritas.

200 1386 384 1447 Communia
428 1386 539 1446 Fidelis
553 1407 663 1447 servus.

240 1550 372 1619 Quaero
393 1566 447 1606 mn
469 1566 502 1608 111
522 1550 655 1608 Oonavrs
677 1567 783 1608 sineri
803 1550 979 1609 Winnnmss.
1024 1551 1078 1630 (iii
1094 1552 1140 1611 Id.
1156 1551 1179 1610 J
1180 1551 1244 1633 un.)

200 1666 343 1743 Officium.
388 1667 558 1726 Sacerdotes
572 1668 639 1726 Dei.

197 1748 341 1825 Epistola.
384 1749 458 1807 Ecce
472 1750 605 1808 sacerdos
618 1769 743 1826 magnus
756 1749 809 1826 qui
822 1750 856 1806 in
869 1749 940 1807 vita

199 1829 336 1888 Grodole
380 1830 551 1888 Sacerdotes
564 1831 635 1906 ejus

196 1911 349 1988 Alleluya
399 1912 428 1970 V.
452 1911 600 1988 Disposui.

197 1992 364 2068 Sequentia.
775 2052 781 2064 ¹
860 2051 866 2063 ,

498 2053 590 2125 Veto,
605 2073 686 2125 voce,
701 2052 808 2124 cord1s‚
824 2070 884 2110 oris

500 2134 603 2210 Hujus
617 2135 693 2192 sacri
708 2133 881 2191 confessoris

541 2216 690 2273 Oanamus
704 2215 852 2291 praeconia
864 2233 873 2285 ;

501 2297 593 2372 Cujus
608 2297 672 2353 vita
686 2297 756 2353 vitae
772 2295 891 2352 mundae

499 2377 611 2435 Forma
624 2377 711 2434 nobis
724 2383 756 2434 et
769 2377 912 2434 faecundae

540 2458 653 2515 Laudis
667 2467 713 2515 est
727 2458 854 2516 materia
866 2478 876 2531 3

501 2539 562 2609 Qui
575 2539 601 2596 si
615 2539 733 2596 nullum
748 2538 954 2615 persequentis
968 2561 970 2565 ¹

501 2620 627 2677 Ferrum
641 2620 741 2690 sensit,
757 2626 858 2676 tamen
872 2620 982 2677 mentis

541 2701 673 2758 Pertulit
688 2701 873 2776 martyrium

501 2782 535 2840 si
548 2802 609 2838 non
622 2782 740 2839 hostem
754 2783 955 2854 manifestum,

501 2863 664 2921 Manifesta
678 2863 747 2938 plus
760 2863 904 2920 infestum

542 2943 629 3000 Vicit
643 2944 853 3002 adversarium.

501 3026 593 3083 Freta
606 3025 712 3081 mundi
725 3025 767 3082 sic
781 3024 968 3096 transcurrit,

502 3106 589 3175 Quod
603 3106 762 3163 mundanae
780 3125 841 3162 non
854 3105 982 3164 incurrit

543 3186 653 3243 Gloriae
667 3186 831 3262 naufragia.

501 3267 678 3325 Refrenavit
692 3268 789 3324 carnis
802 3267 916 3339 visus,†

501 3348 655 3406 Macerare
668 3368 787 3405 carnem
801 3351 884 3405 nisus

542 3429 636 3487 Oruce
651 3429 822 3486 multifaria.

501 3509 540 3566 In
554 3511 610 3568 hac
623 3512 701 3567 fixus
716 3511 825 3568 mansit
838 3530 932 3583 cruce,

500 3591 603 3649 Donec
617 3592 748 3667 migrans
761 3593 799 3648 ab
812 3591 867 3649 hac
880 3593 946 3650 luce

540 3673 630 3730 Lucis
643 3673 759 3730 scandit
772 3674 909 3749 patriam.

499 3753 589 3810 Miles
604 3753 725 3825 Christi,
736 3754 896 3811 Christum
911 3774 991 3832 roga,

500 3834 548 3892 Ut
562 3841 669 3891 exutos
683 3835 779 3892 carnis
793 3843 863 3910 toga

540 3916 571 3972 N
573 3935 605 3972 os
619 3916 708 3973 ducat
722 3916 760 3973 ad
773 3915 907 3992 gloriam.

196 4015 396 4090 Evooqeh'um.
440 4013 504 4070 Vos
518 4013 589 4070 estis
602 4013 645 4070 sal
659 4019 746 4071 terres
759 4034 850 4089 usque
863 4016 905 4073 ad
918 4014 951 4072 in
965 4036 1056 4094 regno
1070 4015 1215 4074 caelorum.

199 4096 391 4170 Offertorium.
435 4094 544 4151 Inveni
558 4094 666 4152 David.

198 4175 377 4236 Communia
422 4175 518 4233 Semel
528 4175 638 4250 juravi.

130 4339 133 4344 ,
197 4290 210 4315 *
226 4290 478 4337 honestasti).
512 4287 742 4347 Edd.—simplicem.

196 4351 210 4408 †
232 4351 311 4396 There
330 4352 353 4395 is
373 4364 388 4394 a
409 4353 477 4407 great
492 4348 612 4393 variation
627 4348 653 4391 in
671 4348 731 4392 Edd.
748 4347 856 4392 between
872 4347 980 4392 “visus“
995 4349 1043 4394 and
1057 4349 1169 4409 “nisusss‘
1184 4352 1210 4397 in
1225 4352 1275 4399 this
1290 4353 1338 4400 and

130 4409 177 4456 the
187 4414 245 4455 next
253 4410 309 4466 iiue.
341 4410 356 4459 Ι,
365 4409 426 4453 have
436 4409 509 4466 given
520 4408 560 4451 the
570 4406 671 4464 reading
681 4406 705 4451 oi
715 4406 755 4451 the
765 4406 832 4450 three
842 4405 915 4452 MSS.
926 4405 1132 4469 inalienatum,
1147 4411 1174 4457 in
1190 4412 1231 4458 the
1246 4414 1336 4460 second

135 4469 179 4518 tue
189 4469 311 4516 corrected
319 4468 421 4525 reading
431 4467 456 4512 oi
466 4465 519 4511 MS.
531 4464 559 4510 F.
