2946 5002
133 329 195 390 184
532 323 639 390 Missa
657 345 722 409 pro
744 324 927 412 Defunctis.

196 488 420 629 gffoiiriiisiuiisu
441 570 566 642 Christe,
589 590 643 628 rex
666 570 775 649 gloriae,
798 572 890 630 libera
911 572 1024 631 animas
1044 570 1180 629 omnium
1199 569 1334 628 fidelium

135 651 341 710 defunctorum
363 652 399 709 de
422 672 512 709 manu
534 652 646 710 inferni
666 658 696 710 et
717 651 753 709 de
770 653 916 728 profundo
933 654 1022 712 100111
1041 653 1136 710 libera
1157 671 1207 709 eas
1226 650 1264 709 de
1285 669 1334 708 ore

135 733 238 804 leonis,
252 752 290 790 ne
303 734 458 790 absorbeat
471 752 520 791 ees
539 738 680 806 tartarus,
700 752 738 790 ne
748 733 856 792 cedant
868 734 901 791 in
915 735 1038 793 obseura
1050 734 1243 792 tenebrarum
1256 730 1333 789 loca:

134 812 186 871 sed
206 813 327 890 signifer
346 820 464 871 sanctus
485 812 616 871 Michael
635 820 826 891 repraesentet
839 834 887 872 eas
907 815 940 872 in
963 816 1059 873 lucem
1079 819 1222 886 sanctam,
1246 831 1334 890 quam

136 893 209 952 olim
221 893 352 951 Abrahae
366 894 530 971 promisisti
543 901 574 952 et
587 895 693 953 semini
706 895 776 970 ejus

195 989 335 1049 Sacerdos
348 993 389 1048 ed
403 991 495 1050 altere
509 991 641 1067 incipiet.

197 1072 322 1129 Hostias
336 1079 366 1130 et
379 1092 478 1149 preces
491 1072 557 1143 tibi,
572 1071 710 1143 Domine,
726 1071 882 1130 offerimus.

197 1161 322 1243 [01101110
331 1162 550 1244 prosequetur]

197 1261 243 1318 Tu
263 1261 376 1337 suscipe
401 1281 454 1337 pro
479 1260 632 1318 animabus
656 1260 716 1318 illis
736 1281 863 1337 quarum
883 1260 970 1318 hodie
997 1262 1167 1318 memoriam
1196 1258 1334 1335 agimus:

137 1342 183 1399 fac
206 1361 264 1413 eas,
289 1342 426 1414 Domine,
452 1342 489 1399 de
512 1348 608 1399 morte
629 1341 756 1399 transire
777 1341 815 1399 ad
838 1341 939 1400 vitam
992 1341 1089 1411 Quam
1110 1341 1182 1399 olim
1205 1339 1336 1397 Abrabae

138 1423 307 1498 promisisti

200 1518 366 1593 Nnnqncne
390 1527 527 1576 caritates·
548 1518 574 1576 Ο
598 1518 654 1594 pie,
669 1538 727 1594 pro
751 1538 866 1594 corpore
890 1519 1034 1594 presenti,
1058 1519 1108 1576 sed
1135 1515 1336 1576 anniuersario

140 1599 233 1658 obitur
253 1608 368 1656 tentum
382 1620 447 1657 enen
460 1600 599 1674 sepimine
611 1598 697 1657 ebori.

201 1679 228 1738 O
248 1679 296 1756 pie
317 1679 406 1752 Deus,
423 1681 474 1756 qui
493 1681 623 1757 primum
643 1681 792 1737 hominem
811 1679 849 1736 ad
868 1685 1010 1737 aeternam
1030 1679 1154 1756 gloriam
1173 1677 1337 1737 revocasti:

141 1766 242 1838 pastor
261 1762 347 1833 bone,
361 1761 414 1837 qui
432 1781 517 1818 ovem
538 1761 684 1838 perditam
697 1761 746 1836 pio
766 1761 889 1818 humero
903 1760 941 1818 ad
961 1760 1039 1818 ovile
1059 1760 1241 1837 reportasti:
1259 1760 1339 1836 juste
1373 1785 1377 1793 ·

137 1841 241 1919 judex,
270 1843 339 1900 dum
368 1842 484 1899 veneris
511 1842 654 1918 judicare,
686 1841 780 1899 libera
807 1842 843 1899 de
874 1848 970 1898 m01te
997 1843 1110 1899 animas
1136 1861 1240 1898 eorum
1267 1859 1338 1916 quos

141 1923 301 2059 redplrpisti,
320 1942 358 1980 ne
375 1923 475 1980 tradas
492 1922 595 1980 bestiis
612 1923 726 1980 animas
744 1922 918 1980 confitentes
938 1922 1012 1980 tibi:
1033 1942 1071 1979 ne
1089 1922 1277 1998 derelinquas
1292 1939 1339 1978 aas

143 2023 174 2060 m
231 2022 285 2062 0111

202 2095 323 2155 Secreta.
650 2150 653 2154 .

203 2177 344 2247 Absolve,
368 2196 542 2253 quaesumuS,
565 2176 703 2249 Domine,
723 2176 853 2234 animam
869 2176 975 2234 famuli
993 2177 1041 2233 tui
1058 2177 1095 2233 ab
1117 2175 1199 2233 omni
1221 2173 1340 2232 vinculo

144 2257 327 2330 delictorum,
350 2258 439 2314 utin
467 2257 689 2314 resurrectionis
715 2257 810 2333 gloria
831 2259 911 2316 inter
936 2264 1052 2315 sanctos
1078 2263 1109 2314 at
1140 2257 1248 2314 electos
1273 2261 1340 2313 tuos

144 2338 333 2396 resuscitatus
347 2339 479 2415 respiret
523 2338 582 2395 Per
595 2337 766 2396 Dominum.

167 2593 173 2606 .
205 2430 406 2570 {bimggiiia
425 2512 522 2570 luceat
539 2512 589 2584 eis,
605 2512 753 2570 Domine:
774 2531 841 2569 cum
862 2511 971 2570 sanctis
983 2511 1044 2569 tuis
1057 2511 1090 2568 in
1104 2517 1257 2584 aternum,
1273 2509 1341 2586 quia

145 2613 349 2812 Iguiliesriuiem
373 2680 513 2732 aeternam
537 2673 614 2731 dona
639 2675 689 2748 eis,
710 2673 857 2731 Domine:
888 2679 918 2730 et
937 2673 991 2730 lux
1011 2677 1153 2750 perpetua
1173 2672 1271 2731 luceat
1291 2671 1339 2729 eis.

171 2774 222 2811 um
243 2755 359 2811 sanctis

206 2847 447 2906 Postcommnnie.

206 2928 318 2985 Annue
329 2928 422 2998 nobis,
435 2928 571 2998 Domine,
583 2934 618 2984 ut
632 2927 731 2985 anima
744 2926 850 2984 famuli
860 2927 907 2985 tui
917 2929 1118 2987 remissionem
1129 2948 1219 3005 quam
1229 2947 1342 3004 semper

148 3009 271 3087 optavit,
286 3015 434 3066 mereatur
446 3008 596 3085 percipere
609 3015 802 3085 peccatorum.
846 3008 904 3066 Per
918 3010 1091 3067 Dominum.

207 3107 272 3165 Iste
286 3107 404 3181 epistole
418 3108 536 3165 dicetur
550 3117 666 3165 tentent
679 3108 714 3165 in
726 3106 773 3165 die
786 3106 973 3166 Animarum.

208 3189 258 3246 Ae
279 3188 541 3246 Thessalonicenses
561 3188 595 3265 (l
611 3188 648 3247 ie.
667 3189 780 3266 1318).

165 3283 168 3290 ·
210 3269 348 3327 Fratres:
374 3270 522 3327 Nolumus
545 3289 599 3327 vos
622 3271 757 3346 ignorare
775 3269 811 3327 da
829 3269 1044 3327 dormientibus
1065 3289 1155 3344 nsque
1176 3267 1218 3326 nd
1237 3268 1343 3344 Itaque

150 3350 342 3409 consolamini
354 3351 481 3408 invicem
494 3351 527 3407 in
540 3351 639 3409 verbis
652 3352 725 3409 istis.
768 3351 808 3408 In
823 3351 941 3409 Christo
954 3351 976 3408 J
977 3371 1028 3407 esu
1042 3349 1171 3407 Domino
1185 3356 1295 3407 nostro.

209 3447 251 3505 In
265 3457 386 3523 tempore
401 3448 539 3505 Pesclecle'
552 3449 662 3506 dicitnr
674 3449 732 3506 iste
745 3447 865 3524 epistole
878 3449 912 3504 in
925 3447 1055 3506 obitibns.

211 3529 260 3586 Ad
275 3528 441 3586 Corinthios
454 3529 471 3603 (
476 3529 488 3585 1
509 3549 553 3586 000.
571 3529 688 3606 20-23),

211 3610 348 3668 Fratres:
388 3609 523 3667 Christus
557 3610 720 3666 resurrexit
745 3629 763 3666 a
790 3609 917 3666 mortuis
950 3609 1090 3684 primitiae
1114 3607 1325 3666 dormientium
1336 3627 1344 3677 3

152 3691 292 3768 quoniam
314 3691 432 3766 quidem
453 3710 505 3766 per
526 3690 676 3747 hominem
693 3709 781 3761 mors,
801 3696 831 3746 et
848 3708 902 3765 per
914 3689 1065 3747 bominem
1084 3689 1260 3747 resurrectio
1274 3707 1346 3746 mor-

152 3779 280 3829 tuorum.
324 3772 366 3828 Et
379 3772 455 3828 sicut
472 3771 504 3827 in
519 3770 619 3828 Adam
638 3790 739 3827 omnes
756 3770 934 3840 moriuntur,
948 3770 993 3827 ita
1010 3777 1041 3828 et
1058 3771 1091 3827 in
1109 3770 1228 3828 Christo
1247 3787 1345 3828 omnes

151 3853 400 3910 vivificabuntur:
428 3852 630 3928 unusquisque
650 3858 750 3908 autem
773 3851 806 3907 111
826 3869 880 3907 0110
900 3851 1010 3925 ordine,
1034 3852 1093 3910 Per
1118 3850 1224 3909 Jesum
1251 3849 1346 3909 Chris·

153 3940 219 3990 tum
233 3935 397 3991 Dominum
410 3939 552 3991 nostrum.

212 4027 254 4084 In
266 4027 390 4085 obitibns
403 4025 528 4100 epistole.

213 4108 309 4166 Lectio
330 4107 399 4165 libri
411 4106 602 4183 Apocalypsis
616 4105 690 4164 beati
703 4103 853 4162 Joleennis
865 4104 996 4180 Apostoli
1009 4104 1083 4182 (nie.
1102 4105 1165 4182 13).

213 4189 251 4245 In
265 4189 368 4245 diebus
381 4188 448 4259 illis,
465 4187 580 4245 Audivi
592 4186 744 4244 vocemde
757 4185 837 4257 caelo,
853 4186 1000 4243 dicentem
1016 4185 1110 4256 mihi;
1136 4184 1244 4256 Scribe,
1260 4183 1346 4242 Beati

153 4270 272 4340 mortui,
299 4269 351 4345 qui
374 4269 407 4325 in
431 4269 560 4326 Domino
584 4267 759 4324 moriuntur.
812 4267 931 4324 Amodo
954 4268 1026 4342 jam,
1052 4266 1125 4323 dicit
1149 4265 1288 4342 Spiritus,
1313 4269 1347 4321 ut

153 4352 337 4426 requiescant
350 4369 368 4407 a
381 4350 531 4418 laboribus
544 4349 623 4406 suis:
651 4367 739 4424 opera
752 4347 831 4404 enim
845 4348 966 4406 illorum
978 4351 1145 4423 sequuntur
1157 4347 1232 4404 illos

212 4449 273 4505 Pro
278 4447 399 4522 fenenlo
412 4447 584 4522 eelsemnle
598 4445 708 4504 dicitnr
720 4445 772 4504 boc
785 4445 971 4521 enenpele'nen.
