<?xml version="1.0" encoding="UTF-8"?>
<!DOCTYPE html PUBLIC "-//W3C//DTD XHTML 1.0 Transitional//EN"
    "http://www.w3.org/TR/xhtml1/DTD/xhtml1-transitional.dtd">
<html xmlns="http://www.w3.org/1999/xhtml" xml:lang="en" lang="en">
 <head>
  <title>
</title>
<meta http-equiv="Content-Type" content="text/html;charset=utf-8" />
  <meta name='ocr-system' content='tesseract 3.04.00' />
  <meta name='ocr-capabilities' content='ocr_page ocr_carea ocr_par ocr_line ocrx_word'/>
</head>
<body>
  <div class='ocr_page' id='page_1' title='image "./missaleadusumin02churgoog_0315.png"; bbox 0 0 2946 5002; ppageno 0'>
   <div class='ocr_carea' id='block_1_1' title="bbox 179 330 837 397">
    <p class='ocr_par' dir='ltr' id='par_1_1' title="bbox 179 330 837 397">
     <span class='ocr_line' id='line_1_1' title="bbox 179 330 837 397; baseline 0 -1"><span class='ocrx_word' id='word_1_1' title='bbox 179 335 241 397; x_wconf 78' lang='lat'>286</span> <span class='ocrx_word' id='word_1_2' title='bbox 715 330 837 397; x_wconf 82' lang='lat' dir='ltr'>Prosoe.</span> 
     </span>
    </p>
   </div>
   <div class='ocr_carea' id='block_1_2' title="bbox 178 496 1376 1221">
    <p class='ocr_par' dir='ltr' id='par_1_2' title="bbox 178 496 1093 575">
     <span class='ocr_line' id='line_1_2' title="bbox 178 496 1093 575; baseline 0.001 -21"><span class='ocrx_word' id='word_1_3' title='bbox 178 497 238 568; x_wconf 79' lang='lat' dir='ltr'>Qui</span> <span class='ocrx_word' id='word_1_4' title='bbox 250 497 403 555; x_wconf 76' lang='lat' dir='ltr'><strong>exsultans</strong></span> <span class='ocrx_word' id='word_1_5' title='bbox 415 497 481 556; x_wconf 85' lang='lat' dir='ltr'>ibat</span> <span class='ocrx_word' id='word_1_6' title='bbox 493 504 524 555; x_wconf 86' lang='lat' dir='ltr'>et</span> <span class='ocrx_word' id='word_1_7' title='bbox 537 496 701 554; x_wconf 88' lang='lat' dir='ltr'>Dominum</span> <span class='ocrx_word' id='word_1_8' title='bbox 713 503 813 555; x_wconf 86' lang='lat' dir='ltr'>mente</span> <span class='ocrx_word' id='word_1_9' title='bbox 825 497 965 555; x_wconf 82' lang='lat' dir='ltr'>laudabat</span> <span class='ocrx_word' id='word_1_10' title='bbox 979 497 1093 575; x_wconf 86' lang='lat' dir='ltr'>devota,</span> 
     </span>
    </p>

    <p class='ocr_par' dir='ltr' id='par_1_3' title="bbox 179 578 1084 654">
     <span class='ocr_line' id='line_1_3' title="bbox 179 578 1084 654; baseline 0.002 -19"><span class='ocrx_word' id='word_1_11' title='bbox 179 578 220 635; x_wconf 85' lang='lat' dir='ltr'>Et</span> <span class='ocrx_word' id='word_1_12' title='bbox 234 598 301 635; x_wconf 87' lang='lat' dir='ltr'>oum</span> <span class='ocrx_word' id='word_1_13' title='bbox 314 599 430 636; x_wconf 86' lang='lat' dir='ltr'>crucem</span> <span class='ocrx_word' id='word_1_14' title='bbox 443 598 461 635; x_wconf 87' lang='lat' dir='ltr'>a</span> <span class='ocrx_word' id='word_1_15' title='bbox 474 579 559 654; x_wconf 84' lang='lat' dir='ltr'>longe</span> <span class='ocrx_word' id='word_1_16' title='bbox 572 585 712 650; x_wconf 87' lang='lat' dir='ltr'>cerneret,</span> <span class='ocrx_word' id='word_1_17' title='bbox 728 598 798 636; x_wconf 87' lang='lat' dir='ltr'>voce</span> <span class='ocrx_word' id='word_1_18' title='bbox 810 578 910 654; x_wconf 85' lang='lat' dir='ltr'>inquit</span> <span class='ocrx_word' id='word_1_19' title='bbox 922 579 1084 637; x_wconf 86' lang='lat' dir='ltr'>laetissima.</span> 
     </span>
    </p>

    <p class='ocr_par' dir='ltr' id='par_1_4' title="bbox 178 656 1306 737">
     <span class='ocr_line' id='line_1_4' title="bbox 178 656 1306 737; baseline 0.001 -20"><span class='ocrx_word' id='word_1_20' title='bbox 178 657 274 731; x_wconf 82' lang='lat' dir='ltr'>Salve,</span> <span class='ocrx_word' id='word_1_21' title='bbox 290 658 316 715; x_wconf 94' lang='grc' dir='ltr'><strong>Ο</strong></span> <span class='ocrx_word' id='word_1_22' title='bbox 331 679 405 717; x_wconf 77' lang='lat' dir='ltr'>crux</span> <span class='ocrx_word' id='word_1_23' title='bbox 419 664 528 730; x_wconf 87' lang='lat' dir='ltr'>saneta,</span> <span class='ocrx_word' id='word_1_24' title='bbox 544 679 590 716; x_wconf 87' lang='lat' dir='ltr'>me</span> <span class='ocrx_word' id='word_1_25' title='bbox 603 661 667 735; x_wconf 86' lang='lat' dir='ltr'>ejus</span> <span class='ocrx_word' id='word_1_26' title='bbox 681 659 733 735; x_wconf 89' lang='lat' dir='ltr'>qui</span> <span class='ocrx_word' id='word_1_27' title='bbox 746 666 776 716; x_wconf 86' lang='lat' dir='ltr'>te</span> <span class='ocrx_word' id='word_1_28' title='bbox 790 665 955 716; x_wconf 74' lang='lat' dir='ltr'>sacraverat</span> <span class='ocrx_word' id='word_1_29' title='bbox 968 656 1122 737; x_wconf 86' lang='lat' dir='ltr'>receptura</span> <span class='ocrx_word' id='word_1_30' title='bbox 1134 659 1306 718; x_wconf 83' lang='lat' dir='ltr'>vernulam:</span> 
     </span>
    </p>

    <p class='ocr_par' dir='ltr' id='par_1_5' title="bbox 179 739 1203 817">
     <span class='ocr_line' id='line_1_5' title="bbox 179 739 1203 817; baseline 0.001 -21"><span class='ocrx_word' id='word_1_31' title='bbox 179 739 220 796; x_wconf 93' lang='lat' dir='ltr'>In</span> <span class='ocrx_word' id='word_1_32' title='bbox 233 759 292 816; x_wconf 88' lang='lat' dir='ltr'>qua</span> <span class='ocrx_word' id='word_1_33' title='bbox 307 747 338 797; x_wconf 89' lang='lat' dir='ltr'>et</span> <span class='ocrx_word' id='word_1_34' title='bbox 351 740 457 797; x_wconf 83' lang='lat' dir='ltr'>affixus</span> <span class='ocrx_word' id='word_1_35' title='bbox 470 740 560 797; x_wconf 90' lang='lat' dir='ltr'>biduo</span> <span class='ocrx_word' id='word_1_36' title='bbox 574 760 702 816; x_wconf 82' lang='lat' dir='ltr'>superna</span> <span class='ocrx_word' id='word_1_37' title='bbox 715 739 832 816; x_wconf 88' lang='lat' dir='ltr'>populis</span> <span class='ocrx_word' id='word_1_38' title='bbox 844 740 1028 816; x_wconf 82' lang='lat' dir='ltr'>praedioabat</span> <span class='ocrx_word' id='word_1_39' title='bbox 1035 741 1152 817; x_wconf 85' lang='lat' dir='ltr'>gaudia.</span> <span class='ocrx_word' id='word_1_40' title='bbox 1201 769 1203 774; x_wconf 54' lang='lat'><em>2</em></span> 
     </span>
    </p>

    <p class='ocr_par' dir='ltr' id='par_1_6' title="bbox 179 820 1295 898">
     <span class='ocr_line' id='line_1_6' title="bbox 179 820 1295 898; baseline 0.004 -22"><span class='ocrx_word' id='word_1_41' title='bbox 179 820 236 877; x_wconf 83' lang='lat' dir='ltr'>Oui</span> <span class='ocrx_word' id='word_1_42' title='bbox 248 840 316 877; x_wconf 88' lang='lat' dir='ltr'>eum</span> <span class='ocrx_word' id='word_1_43' title='bbox 329 821 449 878; x_wconf 86' lang='lat' dir='ltr'>tandem</span> <span class='ocrx_word' id='word_1_44' title='bbox 463 840 542 878; x_wconf 92' lang='lat' dir='ltr'>mors</span> <span class='ocrx_word' id='word_1_45' title='bbox 555 821 740 878; x_wconf 86' lang='lat' dir='ltr'>sanctissima</span> <span class='ocrx_word' id='word_1_46' title='bbox 753 821 888 893; x_wconf 85' lang='lat' dir='ltr'>instaret,</span> <span class='ocrx_word' id='word_1_47' title='bbox 902 821 1033 897; x_wconf 87' lang='lat' dir='ltr'>gaudens</span> <span class='ocrx_word' id='word_1_48' title='bbox 1045 821 1190 898; x_wconf 72' lang='lat' dir='ltr'>prompsit</span> <span class='ocrx_word' id='word_1_49' title='bbox 1204 823 1295 880; x_wconf 85' lang='lat' dir='ltr'>talia:</span> 
     </span>
    </p>

    <p class='ocr_par' dir='ltr' id='par_1_7' title="bbox 178 901 1376 1039">
     <span class='ocr_line' id='line_1_7' title="bbox 178 901 1376 980; baseline 0.003 -23"><span class='ocrx_word' id='word_1_50' title='bbox 178 901 247 958; x_wconf 85' lang='lat' dir='ltr'>Jam</span> <span class='ocrx_word' id='word_1_51' title='bbox 262 921 360 977; x_wconf 87' lang='lat' dir='ltr'>regem</span> <span class='ocrx_word' id='word_1_52' title='bbox 372 921 472 959; x_wconf 90' lang='lat' dir='ltr'>meum</span> <span class='ocrx_word' id='word_1_53' title='bbox 488 902 594 974; x_wconf 89' lang='lat' dir='ltr'>video;</span> <span class='ocrx_word' id='word_1_54' title='bbox 614 901 711 978; x_wconf 88' lang='lat' dir='ltr'>ipsum</span> <span class='ocrx_word' id='word_1_55' title='bbox 729 902 793 978; x_wconf 87' lang='lat' dir='ltr'>jam</span> <span class='ocrx_word' id='word_1_56' title='bbox 813 901 902 958; x_wconf 88' lang='lat' dir='ltr'>adoro</span> <span class='ocrx_word' id='word_1_57' title='bbox 922 921 976 959; x_wconf 87' lang='lat' dir='ltr'>sua</span> <span class='ocrx_word' id='word_1_58' title='bbox 994 903 1174 978; x_wconf 80' lang='lat' dir='ltr'>pandentem</span> <span class='ocrx_word' id='word_1_59' title='bbox 1194 923 1286 980; x_wconf 87' lang='lat' dir='ltr'>regna</span> <span class='ocrx_word' id='word_1_60' title='bbox 1300 904 1376 961; x_wconf 91' lang='lat' dir='ltr'>mihi</span> 
     </span>
     <span class='ocr_line' id='line_1_8' title="bbox 280 1001 368 1039; baseline -0.011 -1"><span class='ocrx_word' id='word_1_61' title='bbox 280 1001 368 1039; x_wconf 82' lang='lat' dir='ltr'>ervia.</span> 
     </span>
    </p>

    <p class='ocr_par' dir='ltr' id='par_1_8' title="bbox 179 1001 1376 1140">
     <span class='ocr_line' id='line_1_9' title="bbox 179 1001 1376 1140; baseline 0.004 -22"><span class='ocrx_word' id='word_1_62' title='bbox 179 1061 220 1119; x_wconf 86' lang='lat' dir='ltr'>Et</span> <span class='ocrx_word' id='word_1_63' title='bbox 233 1001 301 1119; x_wconf 71' lang='lat' dir='ltr'>edin</span> <span class='ocrx_word' id='word_1_64' title='bbox 311 1062 465 1139; x_wconf 86' lang='lat' dir='ltr'>splendore</span> <span class='ocrx_word' id='word_1_65' title='bbox 474 1062 566 1119; x_wconf 90' lang='lat' dir='ltr'>nimio</span> <span class='ocrx_word' id='word_1_66' title='bbox 576 1063 641 1121; x_wconf 90' lang='lat' dir='ltr'>fuso</span> <span class='ocrx_word' id='word_1_67' title='bbox 650 1063 688 1120; x_wconf 90' lang='lat' dir='ltr'>ab</span> <span class='ocrx_word' id='word_1_68' title='bbox 697 1063 805 1120; x_wconf 88' lang='lat' dir='ltr'>aethere</span> <span class='ocrx_word' id='word_1_69' title='bbox 813 1063 920 1140; x_wconf 83' lang='lat' dir='ltr'>dignus</span> <span class='ocrx_word' id='word_1_70' title='bbox 927 1063 1028 1133; x_wconf 81' lang='lat' dir='ltr'>laurea</span> <span class='ocrx_word' id='word_1_71' title='bbox 1035 1063 1131 1122; x_wconf 84' lang='lat' dir='ltr'>vietor</span> <span class='ocrx_word' id='word_1_72' title='bbox 1138 1065 1253 1122; x_wconf 88' lang='lat' dir='ltr'>scandit</span> <span class='ocrx_word' id='word_1_73' title='bbox 1261 1064 1357 1123; x_wconf 87' lang='lat' dir='ltr'>sidera</span> <span class='ocrx_word' id='word_1_74' title='bbox 1367 1087 1376 1138; x_wconf 91' lang='lat'>;</span> 
     </span>
    </p>

    <p class='ocr_par' dir='ltr' id='par_1_9' title="bbox 179 1139 917 1221">
     <span class='ocr_line' id='line_1_10' title="bbox 179 1139 917 1221; baseline 0.003 -22"><span class='ocrx_word' id='word_1_75' title='bbox 179 1142 271 1218; x_wconf 79' lang='lat' dir='ltr'>Cujus</span> <span class='ocrx_word' id='word_1_76' title='bbox 285 1163 338 1201; x_wconf 91' lang='lat' dir='ltr'>nos</span> <span class='ocrx_word' id='word_1_77' title='bbox 351 1163 382 1201; x_wconf 88' lang='lat' dir='ltr'>se</span> <span class='ocrx_word' id='word_1_78' title='bbox 396 1143 480 1220; x_wconf 90' lang='lat' dir='ltr'>sequi</span> <span class='ocrx_word' id='word_1_79' title='bbox 493 1149 594 1201; x_wconf 82' lang='lat' dir='ltr'>sancta</span> <span class='ocrx_word' id='word_1_80' title='bbox 603 1145 713 1220; x_wconf 87' lang='lat' dir='ltr'>juvent</span> <span class='ocrx_word' id='word_1_81' title='bbox 727 1144 844 1221; x_wconf 79' lang='lat' dir='ltr'>merita.</span> <span class='ocrx_word' id='word_1_82' title='bbox 915 1139 917 1145; x_wconf 74' lang='grc'><strong>’</strong></span> 
     </span>
    </p>
   </div>
   <div class='ocr_carea' id='block_1_3' title="bbox 458 1306 1093 1500">
    <p class='ocr_par' dir='ltr' id='par_1_10' title="bbox 458 1306 1093 1500">
     <span class='ocr_line' id='line_1_11' title="bbox 755 1306 797 1365; baseline 0.048 -2"><span class='ocrx_word' id='word_1_83' title='bbox 755 1306 797 1365; x_wconf 87' lang='lat' dir='ltr'>V.</span> 
     </span>
     <span class='ocr_line' id='line_1_12' title="bbox 458 1428 1093 1500; baseline 0 -14"><span class='ocrx_word' id='word_1_84' title='bbox 458 1428 509 1486; x_wconf 85' lang='lat' dir='ltr'>Da</span> <span class='ocrx_word' id='word_1_85' title='bbox 529 1445 641 1486; x_wconf 67' lang='lat' dir='ltr'>seuero</span> <span class='ocrx_word' id='word_1_86' title='bbox 662 1429 910 1500; x_wconf 76' lang='lat' dir='ltr'>Baarnonomro,</span> <span class='ocrx_word' id='word_1_87' title='bbox 932 1444 1093 1487; x_wconf 79' lang='lat' dir='ltr'>arosrono.</span> 
     </span>
    </p>
   </div>
   <div class='ocr_carea' id='block_1_4' title="bbox 318 1549 970 1626">
    <p class='ocr_par' dir='ltr' id='par_1_11' title="bbox 318 1549 970 1626">
     <span class='ocr_line' id='line_1_13' title="bbox 318 1549 970 1626; baseline -0.005 -19"><span class='ocrx_word' id='word_1_88' title='bbox 318 1550 537 1626; x_wconf 65' lang='lat' dir='ltr'>insequentia</span> <span class='ocrx_word' id='word_1_89' title='bbox 556 1549 734 1608; x_wconf 85' lang='lat' dir='ltr'>Multifarie.</span> <span class='ocrx_word' id='word_1_90' title='bbox 815 1568 817 1576; x_wconf 58' lang='lat'><strong><em>⁴</em></strong></span> <span class='ocrx_word' id='word_1_91' title='bbox 881 1595 883 1604; x_wconf 93' lang='lat'><em>.</em></span> <span class='ocrx_word' id='word_1_92' title='bbox 924 1553 927 1563; x_wconf 82' lang='grc'>’</span> <span class='ocrx_word' id='word_1_93' title='bbox 967 1597 970 1604; x_wconf 91' lang='grc'><em>,</em></span> 
     </span>
    </p>
   </div>
   <div class='ocr_carea' id='block_1_5' title="bbox 257 1642 1376 3015">
    <p class='ocr_par' dir='ltr' id='par_1_12' title="bbox 259 1642 1375 1723">
     <span class='ocr_line' id='line_1_14' title="bbox 259 1642 1375 1723; baseline 0.003 -23"><span class='ocrx_word' id='word_1_94' title='bbox 259 1645 347 1700; x_wconf 76' lang='lat' dir='ltr'>Amr</span> <span class='ocrx_word' id='word_1_95' title='bbox 361 1659 531 1701; x_wconf 70' lang='lat' dir='ltr'>canrsnrnn</span> <span class='ocrx_word' id='word_1_96' title='bbox 544 1648 627 1700; x_wconf 87' lang='lat' dir='ltr'>sonet</span> <span class='ocrx_word' id='word_1_97' title='bbox 640 1642 746 1699; x_wconf 83' lang='lat' dir='ltr'>chorus</span> <span class='ocrx_word' id='word_1_98' title='bbox 759 1648 957 1722; x_wconf 23' lang='lat' dir='ltr'>cantorumlet</span> <span class='ocrx_word' id='word_1_99' title='bbox 966 1643 1132 1719; x_wconf 79' lang='lat' dir='ltr'>¹subjungat</span> <span class='ocrx_word' id='word_1_100' title='bbox 1145 1643 1285 1703; x_wconf 87' lang='lat' dir='ltr'>duloibile</span> <span class='ocrx_word' id='word_1_101' title='bbox 1294 1645 1375 1723; x_wconf 72' lang='lat' dir='ltr'>luya,</span> 
     </span>
    </p>

    <p class='ocr_par' dir='ltr' id='par_1_13' title="bbox 259 1723 1050 1800">
     <span class='ocr_line' id='line_1_15' title="bbox 259 1723 1050 1800; baseline -0.001 -18"><span class='ocrx_word' id='word_1_102' title='bbox 259 1724 292 1782; x_wconf 90' lang='lat' dir='ltr'>N</span> <span class='ocrx_word' id='word_1_103' title='bbox 292 1744 351 1782; x_wconf 90' lang='lat' dir='ltr'>uno</span> <span class='ocrx_word' id='word_1_104' title='bbox 364 1724 532 1800; x_wconf 80' lang='lat' dir='ltr'>rhythmica</span> <span class='ocrx_word' id='word_1_105' title='bbox 550 1723 670 1780; x_wconf 83' lang='lat' dir='ltr'>tinnula</span> <span class='ocrx_word' id='word_1_106' title='bbox 682 1743 753 1780; x_wconf 86' lang='lat' dir='ltr'>voce</span> <span class='ocrx_word' id='word_1_107' title='bbox 767 1723 840 1780; x_wconf 90' lang='lat' dir='ltr'>dans</span> <span class='ocrx_word' id='word_1_108' title='bbox 853 1723 1050 1796; x_wconf 77' lang='lat' dir='ltr'>melodimate,</span> 
     </span>
    </p>

    <p class='ocr_par' dir='ltr' id='par_1_14' title="bbox 258 1803 932 1881">
     <span class='ocr_line' id='line_1_16' title="bbox 258 1803 932 1881; baseline 0 -19"><span class='ocrx_word' id='word_1_109' title='bbox 258 1806 362 1863; x_wconf 85' lang='lat' dir='ltr'>Aurea</span> <span class='ocrx_word' id='word_1_110' title='bbox 374 1824 428 1881; x_wconf 91' lang='lat' dir='ltr'>pro</span> <span class='ocrx_word' id='word_1_111' title='bbox 441 1804 536 1862; x_wconf 86' lang='lat' dir='ltr'>infula</span> <span class='ocrx_word' id='word_1_112' title='bbox 547 1803 757 1862; x_wconf 84' lang='lat' dir='ltr'>Bartholomaei</span> <span class='ocrx_word' id='word_1_113' title='bbox 769 1804 932 1880; x_wconf 87' lang='lat' dir='ltr'>splendida.</span> 
     </span>
    </p>

    <p class='ocr_par' dir='ltr' id='par_1_15' title="bbox 260 1884 1374 1962">
     <span class='ocr_line' id='line_1_17' title="bbox 260 1884 1374 1962; baseline 0.004 -19"><span class='ocrx_word' id='word_1_114' title='bbox 260 1886 333 1943; x_wconf 91' lang='lat' dir='ltr'>Dux</span> <span class='ocrx_word' id='word_1_115' title='bbox 343 1887 444 1943; x_wconf 86' lang='lat' dir='ltr'>doctor</span> <span class='ocrx_word' id='word_1_116' title='bbox 453 1885 605 1957; x_wconf 90' lang='lat' dir='ltr'>Indorum,</span> <span class='ocrx_word' id='word_1_117' title='bbox 612 1884 782 1960; x_wconf 85' lang='lat' dir='ltr'>praeelectus</span> <span class='ocrx_word' id='word_1_118' title='bbox 792 1885 951 1961; x_wconf 87' lang='lat' dir='ltr'>apostolus,</span> <span class='ocrx_word' id='word_1_119' title='bbox 956 1885 1374 1962; x_wconf 83' lang='lat' dir='ltr'>mundumspermateornans‚</span> 
     </span>
    </p>

    <p class='ocr_par' dir='ltr' id='par_1_16' title="bbox 260 1965 1221 2042">
     <span class='ocr_line' id='line_1_18' title="bbox 260 1965 1221 2042; baseline -0.001 -17"><span class='ocrx_word' id='word_1_120' title='bbox 260 1968 384 2025; x_wconf 82' lang='lat' dir='ltr'>Senator</span> <span class='ocrx_word' id='word_1_121' title='bbox 397 1966 449 2042; x_wconf 89' lang='lat' dir='ltr'>qui</span> <span class='ocrx_word' id='word_1_122' title='bbox 463 1966 553 2042; x_wconf 85' lang='lat' dir='ltr'>pollet</span> <span class='ocrx_word' id='word_1_123' title='bbox 566 1985 705 2042; x_wconf 84' lang='lat' dir='ltr'>generosa</span> <span class='ocrx_word' id='word_1_124' title='bbox 718 1967 774 2022; x_wconf 87' lang='lat' dir='ltr'>sub</span> <span class='ocrx_word' id='word_1_125' title='bbox 787 1965 888 2022; x_wconf 89' lang='lat' dir='ltr'>laurea</span> <span class='ocrx_word' id='word_1_126' title='bbox 900 1965 1031 2042; x_wconf 82' lang='lat' dir='ltr'>angelica</span> <span class='ocrx_word' id='word_1_127' title='bbox 1044 1967 1135 2024; x_wconf 85' lang='lat' dir='ltr'>ouria.</span> <span class='ocrx_word' id='word_1_128' title='bbox 1220 2021 1221 2024; x_wconf 74' lang='grc'>,</span> 
     </span>
    </p>

    <p class='ocr_par' dir='ltr' id='par_1_17' title="bbox 259 2046 1305 2124">
     <span class='ocr_line' id='line_1_19' title="bbox 259 2046 1305 2124; baseline 0.002 -19"><span class='ocrx_word' id='word_1_129' title='bbox 259 2049 281 2105; x_wconf 85' lang='lat' dir='ltr'><strong>J</strong></span> <span class='ocrx_word' id='word_1_130' title='bbox 282 2067 330 2104; x_wconf 89' lang='lat' dir='ltr'>am</span> <span class='ocrx_word' id='word_1_131' title='bbox 344 2047 462 2104; x_wconf 85' lang='lat' dir='ltr'>Indiam</span> <span class='ocrx_word' id='word_1_132' title='bbox 475 2047 524 2104; x_wconf 91' lang='lat' dir='ltr'>hio</span> <span class='ocrx_word' id='word_1_133' title='bbox 535 2046 684 2122; x_wconf 87' lang='lat' dir='ltr'>ingressus</span> <span class='ocrx_word' id='word_1_134' title='bbox 696 2065 767 2103; x_wconf 83' lang='lat' dir='ltr'>mox</span> <span class='ocrx_word' id='word_1_135' title='bbox 781 2047 959 2103; x_wconf 89' lang='lat' dir='ltr'>daemonium</span> <span class='ocrx_word' id='word_1_136' title='bbox 971 2046 1139 2105; x_wconf 87' lang='lat' dir='ltr'>Ashtaroth</span> <span class='ocrx_word' id='word_1_137' title='bbox 1152 2047 1305 2124; x_wconf 80' lang='lat' dir='ltr'>ligaverat.</span> 
     </span>
    </p>

    <p class='ocr_par' dir='ltr' id='par_1_18' title="bbox 260 2126 1222 2204">
     <span class='ocr_line' id='line_1_20' title="bbox 260 2126 1222 2204; baseline 0.001 -18"><span class='ocrx_word' id='word_1_138' title='bbox 260 2128 372 2187; x_wconf 83' lang='lat' dir='ltr'>Ordine</span> <span class='ocrx_word' id='word_1_139' title='bbox 385 2127 535 2204; x_wconf 85' lang='lat' dir='ltr'>posthinc</span> <span class='ocrx_word' id='word_1_140' title='bbox 548 2134 578 2184; x_wconf 92' lang='lat' dir='ltr'>et</span> <span class='ocrx_word' id='word_1_141' title='bbox 591 2126 713 2203; x_wconf 84' lang='lat' dir='ltr'>pulchre</span> <span class='ocrx_word' id='word_1_142' title='bbox 726 2127 803 2203; x_wconf 88' lang='lat' dir='ltr'>regis</span> <span class='ocrx_word' id='word_1_143' title='bbox 816 2127 908 2185; x_wconf 89' lang='lat' dir='ltr'>filiam</span> <span class='ocrx_word' id='word_1_144' title='bbox 921 2129 1039 2185; x_wconf 88' lang='lat' dir='ltr'>sanavit</span> <span class='ocrx_word' id='word_1_145' title='bbox 1051 2128 1222 2187; x_wconf 86' lang='lat' dir='ltr'>lunaticam.</span> 
     </span>
    </p>

    <p class='ocr_par' dir='ltr' id='par_1_19' title="bbox 258 2206 962 2284">
     <span class='ocr_line' id='line_1_21' title="bbox 258 2206 962 2284; baseline -0.003 -17"><span class='ocrx_word' id='word_1_146' title='bbox 258 2208 326 2267; x_wconf 82' lang='lat' dir='ltr'>Hoc</span> <span class='ocrx_word' id='word_1_147' title='bbox 340 2227 476 2266; x_wconf 83' lang='lat' dir='ltr'>accensus</span> <span class='ocrx_word' id='word_1_148' title='bbox 489 2216 608 2284; x_wconf 76' lang='lat' dir='ltr'>stupore</span> <span class='ocrx_word' id='word_1_149' title='bbox 621 2227 675 2265; x_wconf 86' lang='lat' dir='ltr'>rex</span> <span class='ocrx_word' id='word_1_150' title='bbox 688 2206 833 2265; x_wconf 89' lang='lat' dir='ltr'>Polimius</span> <span class='ocrx_word' id='word_1_151' title='bbox 846 2207 962 2266; x_wconf 77' lang='lat' dir='ltr'>lavaero</span> 
     </span>
    </p>

    <p class='ocr_par' dir='ltr' id='par_1_20' title="bbox 258 2288 1041 2366">
     <span class='ocr_line' id='line_1_22' title="bbox 258 2288 1041 2366; baseline 0.001 -20"><span class='ocrx_word' id='word_1_152' title='bbox 258 2288 342 2347; x_wconf 84' lang='lat' dir='ltr'>Petit</span> <span class='ocrx_word' id='word_1_153' title='bbox 355 2289 433 2346; x_wconf 84' lang='lat' dir='ltr'>alma</span> <span class='ocrx_word' id='word_1_154' title='bbox 445 2289 593 2366; x_wconf 82' lang='lat' dir='ltr'>baptismi,</span> <span class='ocrx_word' id='word_1_155' title='bbox 607 2288 759 2365; x_wconf 88' lang='lat' dir='ltr'>plebisque</span> <span class='ocrx_word' id='word_1_156' title='bbox 772 2308 831 2346; x_wconf 86' lang='lat' dir='ltr'>suae</span> <span class='ocrx_word' id='word_1_157' title='bbox 844 2308 912 2365; x_wconf 89' lang='lat' dir='ltr'>pars</span> <span class='ocrx_word' id='word_1_158' title='bbox 925 2309 1041 2366; x_wconf 83' lang='lat' dir='ltr'>magna.</span> 
     </span>
    </p>

    <p class='ocr_par' dir='ltr' id='par_1_21' title="bbox 259 2369 912 2447">
     <span class='ocr_line' id='line_1_23' title="bbox 259 2369 912 2447; baseline 0 -21"><span class='ocrx_word' id='word_1_159' title='bbox 259 2369 351 2446; x_wconf 73' lang='lat' dir='ltr'>(injus</span> <span class='ocrx_word' id='word_1_160' title='bbox 364 2369 452 2427; x_wconf 92' lang='lat' dir='ltr'>vultu</span> <span class='ocrx_word' id='word_1_161' title='bbox 465 2369 594 2445; x_wconf 87' lang='lat' dir='ltr'>insignia</span> <span class='ocrx_word' id='word_1_162' title='bbox 607 2369 755 2426; x_wconf 84' lang='lat' dir='ltr'>virtutum</span> <span class='ocrx_word' id='word_1_163' title='bbox 764 2369 912 2447; x_wconf 86' lang='lat' dir='ltr'>magna-lia</span> 
     </span>
    </p>

    <p class='ocr_par' dir='ltr' id='par_1_22' title="bbox 259 2449 1375 2607">
     <span class='ocr_line' id='line_1_24' title="bbox 259 2449 1375 2529; baseline 0.004 -21"><span class='ocrx_word' id='word_1_164' title='bbox 259 2451 392 2528; x_wconf 85' lang='lat' dir='ltr'>Nigrifer</span> <span class='ocrx_word' id='word_1_165' title='bbox 405 2449 483 2527; x_wconf 80' lang='lat' dir='ltr'>(sio)</span> <span class='ocrx_word' id='word_1_166' title='bbox 499 2455 617 2507; x_wconf 84' lang='lat' dir='ltr'>enarrat</span> <span class='ocrx_word' id='word_1_167' title='bbox 638 2450 751 2523; x_wconf 72' lang='lat' dir='ltr'>Bersth,</span> <span class='ocrx_word' id='word_1_168' title='bbox 767 2451 875 2508; x_wconf 88' lang='lat' dir='ltr'>timens</span> <span class='ocrx_word' id='word_1_169' title='bbox 889 2450 1002 2508; x_wconf 78' lang='lat' dir='ltr'>Christi</span> <span class='ocrx_word' id='word_1_170' title='bbox 1015 2451 1151 2525; x_wconf 87' lang='lat' dir='ltr'>militem,</span> <span class='ocrx_word' id='word_1_171' title='bbox 1172 2472 1231 2529; x_wconf 93' lang='lat' dir='ltr'>quo</span> <span class='ocrx_word' id='word_1_172' title='bbox 1246 2453 1375 2528; x_wconf 87' lang='lat' dir='ltr'>jubente</span> 
     </span>
     <span class='ocr_line' id='line_1_25' title="bbox 338 2530 1138 2607; baseline 0.004 -19"><span class='ocrx_word' id='word_1_173' title='bbox 338 2531 475 2588; x_wconf 87' lang='lat' dir='ltr'>horridus</span> <span class='ocrx_word' id='word_1_174' title='bbox 489 2550 543 2588; x_wconf 87' lang='lat' dir='ltr'>sua</span> <span class='ocrx_word' id='word_1_175' title='bbox 552 2531 641 2607; x_wconf 84' lang='lat' dir='ltr'>fregit</span> <span class='ocrx_word' id='word_1_176' title='bbox 655 2531 822 2588; x_wconf 86' lang='lat' dir='ltr'>Ashtaroth</span> <span class='ocrx_word' id='word_1_177' title='bbox 835 2530 1034 2598; x_wconf 78' lang='lat' dir='ltr'>abscedendo*</span> <span class='ocrx_word' id='word_1_178' title='bbox 1047 2532 1138 2591; x_wconf 87' lang='lat' dir='ltr'>idola.</span> 
     </span>
    </p>

    <p class='ocr_par' dir='ltr' id='par_1_23' title="bbox 258 2608 1039 2688">
     <span class='ocr_line' id='line_1_26' title="bbox 258 2608 1039 2688; baseline 0.004 -21"><span class='ocrx_word' id='word_1_179' title='bbox 258 2608 350 2670; x_wconf 87' lang='lat' dir='ltr'>Hune</span> <span class='ocrx_word' id='word_1_180' title='bbox 363 2619 449 2669; x_wconf 86' lang='lat' dir='ltr'>tanta</span> <span class='ocrx_word' id='word_1_181' title='bbox 462 2618 631 2688; x_wconf 86' lang='lat' dir='ltr'>patrantem</span> <span class='ocrx_word' id='word_1_182' title='bbox 644 2612 722 2670; x_wconf 88' lang='lat' dir='ltr'>bona</span> <span class='ocrx_word' id='word_1_183' title='bbox 735 2612 902 2688; x_wconf 89' lang='lat' dir='ltr'>apostolum</span> <span class='ocrx_word' id='word_1_184' title='bbox 915 2612 1039 2670; x_wconf 91' lang='lat' dir='ltr'>Domini</span> 
     </span>
    </p>

    <p class='ocr_par' dir='ltr' id='par_1_24' title="bbox 258 2692 1376 2851">
     <span class='ocr_line' id='line_1_27' title="bbox 258 2692 1376 2768; baseline 0.005 -19"><span class='ocrx_word' id='word_1_185' title='bbox 258 2692 377 2750; x_wconf 84' lang='lat' dir='ltr'>Astrias</span> <span class='ocrx_word' id='word_1_186' title='bbox 403 2693 525 2750; x_wconf 85' lang='lat' dir='ltr'>mandat</span> <span class='ocrx_word' id='word_1_187' title='bbox 552 2692 661 2768; x_wconf 80' lang='lat' dir='ltr'>impius</span> <span class='ocrx_word' id='word_1_188' title='bbox 687 2712 741 2749; x_wconf 83' lang='lat' dir='ltr'>rex</span> <span class='ocrx_word' id='word_1_189' title='bbox 764 2694 857 2750; x_wconf 84' lang='lat' dir='ltr'>frater</span> <span class='ocrx_word' id='word_1_190' title='bbox 884 2693 1006 2750; x_wconf 90' lang='lat' dir='ltr'>Polimii</span> <span class='ocrx_word' id='word_1_191' title='bbox 1031 2713 1139 2752; x_wconf 80' lang='lat' dir='ltr'>casum</span> <span class='ocrx_word' id='word_1_192' title='bbox 1165 2692 1217 2753; x_wconf 87' lang='lat' dir='ltr'>diu</span> <span class='ocrx_word' id='word_1_193' title='bbox 1243 2695 1376 2755; x_wconf 82' lang='lat' dir='ltr'>fustibus</span> 
     </span>
     <span class='ocr_line' id='line_1_28' title="bbox 338 2773 1035 2851; baseline 0.009 -22"><span class='ocrx_word' id='word_1_194' title='bbox 338 2780 474 2830; x_wconf 88' lang='lat' dir='ltr'>sanctum</span> <span class='ocrx_word' id='word_1_195' title='bbox 487 2779 576 2849; x_wconf 85' lang='lat' dir='ltr'>eaput</span> <span class='ocrx_word' id='word_1_196' title='bbox 590 2773 645 2830; x_wconf 89' lang='lat' dir='ltr'>sub</span> <span class='ocrx_word' id='word_1_197' title='bbox 659 2793 727 2830; x_wconf 87' lang='lat' dir='ltr'>ense</span> <span class='ocrx_word' id='word_1_198' title='bbox 739 2774 861 2831; x_wconf 89' lang='lat' dir='ltr'>tendere</span> <span class='ocrx_word' id='word_1_199' title='bbox 873 2774 911 2830; x_wconf 88' lang='lat' dir='ltr'>ad</span> <span class='ocrx_word' id='word_1_200' title='bbox 920 2774 1035 2851; x_wconf 82' lang='lat' dir='ltr'>jugula.</span> 
     </span>
    </p>

    <p class='ocr_par' dir='ltr' id='par_1_25' title="bbox 257 2852 937 2930">
     <span class='ocr_line' id='line_1_29' title="bbox 257 2852 937 2930; baseline 0.001 -21"><span class='ocrx_word' id='word_1_201' title='bbox 257 2852 323 2910; x_wconf 87' lang='lat' dir='ltr'>Tali</span> <span class='ocrx_word' id='word_1_202' title='bbox 335 2859 431 2910; x_wconf 89' lang='lat' dir='ltr'>morte</span> <span class='ocrx_word' id='word_1_203' title='bbox 443 2853 569 2928; x_wconf 87' lang='lat' dir='ltr'>gloriosa</span> <span class='ocrx_word' id='word_1_204' title='bbox 581 2852 666 2910; x_wconf 87' lang='lat' dir='ltr'>oaelos</span> <span class='ocrx_word' id='word_1_205' title='bbox 680 2854 733 2929; x_wconf 91' lang='lat' dir='ltr'>qui</span> <span class='ocrx_word' id='word_1_206' title='bbox 745 2853 836 2911; x_wconf 85' lang='lat' dir='ltr'>celsos</span> <span class='ocrx_word' id='word_1_207' title='bbox 849 2854 937 2930; x_wconf 86' lang='lat' dir='ltr'>petiit</span> 
     </span>
    </p>

    <p class='ocr_par' dir='ltr' id='par_1_26' title="bbox 257 2932 1170 3015">
     <span class='ocr_line' id='line_1_30' title="bbox 257 2932 1170 3015; baseline 0.007 -25"><span class='ocrx_word' id='word_1_208' title='bbox 257 2932 349 2991; x_wconf 87' lang='lat' dir='ltr'>Prece</span> <span class='ocrx_word' id='word_1_209' title='bbox 362 2934 486 2990; x_wconf 91' lang='lat' dir='ltr'>mundet</span> <span class='ocrx_word' id='word_1_210' title='bbox 500 2953 553 2991; x_wconf 93' lang='lat' dir='ltr'>nos</span> <span class='ocrx_word' id='word_1_211' title='bbox 567 2934 689 2991; x_wconf 86' lang='lat' dir='ltr'>crimine</span> <span class='ocrx_word' id='word_1_212' title='bbox 703 2941 733 2992; x_wconf 87' lang='lat' dir='ltr'>et</span> <span class='ocrx_word' id='word_1_213' title='bbox 747 2934 785 2991; x_wconf 90' lang='lat' dir='ltr'>ad</span> <span class='ocrx_word' id='word_1_214' title='bbox 798 2954 904 3012; x_wconf 89' lang='lat' dir='ltr'>supera</span> <span class='ocrx_word' id='word_1_215' title='bbox 916 2935 1058 3012; x_wconf 82' lang='lat' dir='ltr'>perducat</span> <span class='ocrx_word' id='word_1_216' title='bbox 1070 2957 1170 3015; x_wconf 80' lang='lat' dir='ltr'>regns.</span> 
     </span>
    </p>
   </div>
   <div class='ocr_carea' id='block_1_6' title="bbox 744 3090 805 3149">
    <p class='ocr_par' dir='ltr' id='par_1_27' title="bbox 744 3090 805 3149">
     <span class='ocr_line' id='line_1_31' title="bbox 744 3090 805 3149; baseline 0.049 -3"><span class='ocrx_word' id='word_1_217' title='bbox 744 3090 805 3149; x_wconf 91' lang='lat' dir='ltr'>VI.</span> 
     </span>
    </p>
   </div>
   <div class='ocr_carea' id='block_1_7' title="bbox 358 3210 959 3368">
    <p class='ocr_par' dir='ltr' id='par_1_28' title="bbox 358 3210 959 3368">
     <span class='ocr_line' id='line_1_32' title="bbox 583 3210 959 3272; baseline 0.013 -5"><span class='ocrx_word' id='word_1_218' title='bbox 583 3210 634 3268; x_wconf 85' lang='lat' dir='ltr'>Da</span> <span class='ocrx_word' id='word_1_219' title='bbox 654 3225 767 3270; x_wconf 73' lang='lat' dir='ltr'>amoro</span> <span class='ocrx_word' id='word_1_220' title='bbox 788 3212 959 3272; x_wconf 76' lang='lat' dir='ltr'>Srnrnsno</span> 
     </span>
     <span class='ocr_line' id='line_1_33' title="bbox 358 3291 510 3368; baseline 0 -19"><span class='ocrx_word' id='word_1_221' title='bbox 358 3291 510 3368; x_wconf 84' lang='lat' dir='ltr'>Alleluya.</span> 
     </span>
    </p>
   </div>
   <div class='ocr_carea' id='block_1_8' title="bbox 298 3388 1259 3472">
    <p class='ocr_par' dir='ltr' id='par_1_29' title="bbox 298 3388 1259 3472">
     <span class='ocr_line' id='line_1_34' title="bbox 298 3388 1259 3472; baseline 0.006 -27"><span class='ocrx_word' id='word_1_222' title='bbox 298 3388 455 3455; x_wconf 65' lang='lat' dir='ltr'>Maneant</span> <span class='ocrx_word' id='word_1_223' title='bbox 475 3388 562 3447; x_wconf 78' lang='lat' dir='ltr'>Dans</span> <span class='ocrx_word' id='word_1_224' title='bbox 576 3388 609 3446; x_wconf 91' lang='lat' dir='ltr'>in</span> <span class='ocrx_word' id='word_1_225' title='bbox 622 3389 763 3448; x_wconf 85' lang='lat' dir='ltr'>universa</span> <span class='ocrx_word' id='word_1_226' title='bbox 775 3396 864 3463; x_wconf 84' lang='lat' dir='ltr'>terra,</span> <span class='ocrx_word' id='word_1_227' title='bbox 878 3401 1016 3469; x_wconf 75' lang='lat' dir='ltr'>utsupra</span> <span class='ocrx_word' id='word_1_228' title='bbox 1031 3391 1103 3472; x_wconf 91' lang='lat' dir='ltr'>(vol.</span> <span class='ocrx_word' id='word_1_229' title='bbox 1116 3393 1138 3451; x_wconf 92' lang='lat' dir='ltr'>i.</span> <span class='ocrx_word' id='word_1_230' title='bbox 1151 3413 1182 3471; x_wconf 92' lang='lat' dir='ltr'>p.</span> <span class='ocrx_word' id='word_1_231' title='bbox 1199 3392 1259 3465; x_wconf 84' lang='lat'>21).</span> 
     </span>
    </p>
   </div>
   <div class='ocr_carea' id='block_1_9' title="bbox 738 3555 817 3614">
    <p class='ocr_par' dir='ltr' id='par_1_30' title="bbox 738 3555 817 3614">
     <span class='ocr_line' id='line_1_35' title="bbox 738 3555 817 3614; baseline 0.038 -3"><span class='ocrx_word' id='word_1_232' title='bbox 738 3555 817 3614; x_wconf 90' lang='lat' dir='ltr'><strong>VII.</strong></span> 
     </span>
    </p>
   </div>
   <div class='ocr_carea' id='block_1_10' title="bbox 318 3685 1019 3843">
    <p class='ocr_par' dir='ltr' id='par_1_31' title="bbox 318 3685 1019 3843">
     <span class='ocr_line' id='line_1_36' title="bbox 528 3685 1019 3759; baseline 0.008 -17"><span class='ocrx_word' id='word_1_233' title='bbox 528 3685 578 3743; x_wconf 87' lang='lat' dir='ltr'>Dr</span> <span class='ocrx_word' id='word_1_234' title='bbox 598 3700 711 3744; x_wconf 77' lang='lat' dir='ltr'>sarcre</span> <span class='ocrx_word' id='word_1_235' title='bbox 731 3686 753 3744; x_wconf 88' lang='lat' dir='ltr'><strong>J</strong></span> <span class='ocrx_word' id='word_1_236' title='bbox 755 3703 841 3759; x_wconf 89' lang='lat' dir='ltr'>usro,</span> <span class='ocrx_word' id='word_1_237' title='bbox 862 3703 1019 3747; x_wconf 74' lang='lat' dir='ltr'>marvan.</span> 
     </span>
     <span class='ocr_line' id='line_1_37' title="bbox 318 3765 528 3843; baseline 0.01 -20"><span class='ocrx_word' id='word_1_238' title='bbox 318 3765 468 3843; x_wconf 85' lang='lat' dir='ltr'>Alleluya.</span> <span class='ocrx_word' id='word_1_239' title='bbox 525 3812 528 3817; x_wconf 88' lang='lat'>.</span> 
     </span>
    </p>
   </div>
   <div class='ocr_carea' id='block_1_11' title="bbox 255 3863 1179 4427">
    <p class='ocr_par' dir='ltr' id='par_1_32' title="bbox 255 3863 1138 4022">
     <span class='ocr_line' id='line_1_38' title="bbox 256 3863 1138 3942; baseline 0.007 -21"><span class='ocrx_word' id='word_1_240' title='bbox 256 3865 381 3921; x_wconf 77' lang='lat' dir='ltr'>Furem</span> <span class='ocrx_word' id='word_1_241' title='bbox 400 3879 469 3920; x_wconf 79' lang='lat' dir='ltr'>mas</span> <span class='ocrx_word' id='word_1_242' title='bbox 489 3878 629 3921; x_wconf 76' lang='lat' dir='ltr'>soonnna</span> <span class='ocrx_word' id='word_1_243' title='bbox 642 3863 675 3920; x_wconf 90' lang='lat' dir='ltr'>in</span> <span class='ocrx_word' id='word_1_244' title='bbox 688 3883 747 3940; x_wconf 89' lang='lat' dir='ltr'>qua</span> <span class='ocrx_word' id='word_1_245' title='bbox 761 3863 873 3923; x_wconf 86' lang='lat' dir='ltr'>Ohristi</span> <span class='ocrx_word' id='word_1_246' title='bbox 885 3866 995 3942; x_wconf 80' lang='lat' dir='ltr'>gaudet</span> <span class='ocrx_word' id='word_1_247' title='bbox 1008 3867 1138 3928; x_wconf 82' lang='lat' dir='ltr'>Ecclesia</span> 
     </span>
     <span class='ocr_line' id='line_1_39' title="bbox 255 3944 1070 4022; baseline 0.007 -20"><span class='ocrx_word' id='word_1_248' title='bbox 255 3944 315 4002; x_wconf 91' lang='lat' dir='ltr'>Pro</span> <span class='ocrx_word' id='word_1_249' title='bbox 328 3944 468 4020; x_wconf 84' lang='lat' dir='ltr'>martyris</span> <span class='ocrx_word' id='word_1_250' title='bbox 482 3950 592 4002; x_wconf 83' lang='lat' dir='ltr'>aeterna</span> <span class='ocrx_word' id='word_1_251' title='bbox 604 3945 700 4002; x_wconf 83' lang='lat' dir='ltr'>saneti</span> <span class='ocrx_word' id='word_1_252' title='bbox 712 3945 734 4002; x_wconf 88' lang='lat' dir='ltr'><strong>J</strong></span> <span class='ocrx_word' id='word_1_253' title='bbox 735 3944 796 4003; x_wconf 89' lang='lat' dir='ltr'>usti</span> <span class='ocrx_word' id='word_1_254' title='bbox 808 3946 907 4022; x_wconf 86' lang='lat' dir='ltr'>palma</span> <span class='ocrx_word' id='word_1_255' title='bbox 920 3953 951 4006; x_wconf 86' lang='lat' dir='ltr'>et</span> <span class='ocrx_word' id='word_1_256' title='bbox 964 3948 1070 4008; x_wconf 85' lang='lat' dir='ltr'>lucida.</span> 
     </span>
    </p>

    <p class='ocr_par' dir='ltr' id='par_1_33' title="bbox 255 4025 890 4102">
     <span class='ocr_line' id='line_1_40' title="bbox 255 4025 890 4102; baseline 0.005 -19"><span class='ocrx_word' id='word_1_257' title='bbox 255 4027 346 4083; x_wconf 85' lang='lat' dir='ltr'>AEtas</span> <span class='ocrx_word' id='word_1_258' title='bbox 357 4031 468 4098; x_wconf 84' lang='lat' dir='ltr'>tenera,</span> <span class='ocrx_word' id='word_1_259' title='bbox 481 4025 578 4082; x_wconf 84' lang='lat' dir='ltr'>virtus</span> <span class='ocrx_word' id='word_1_260' title='bbox 591 4025 623 4082; x_wconf 90' lang='lat' dir='ltr'>in</span> <span class='ocrx_word' id='word_1_261' title='bbox 637 4045 695 4102; x_wconf 89' lang='lat' dir='ltr'>quo</span> <span class='ocrx_word' id='word_1_262' title='bbox 708 4026 760 4083; x_wconf 88' lang='lat' dir='ltr'>sed</span> <span class='ocrx_word' id='word_1_263' title='bbox 772 4027 872 4085; x_wconf 86' lang='lat' dir='ltr'>valida</span> <span class='ocrx_word' id='word_1_264' title='bbox 883 4049 890 4086; x_wconf 90' lang='lat'>:</span> 
     </span>
    </p>

    <p class='ocr_par' dir='ltr' id='par_1_34' title="bbox 256 4105 899 4182">
     <span class='ocr_line' id='line_1_41' title="bbox 256 4105 899 4182; baseline 0.002 -19"><span class='ocrx_word' id='word_1_265' title='bbox 256 4106 367 4164; x_wconf 88' lang='lat' dir='ltr'>Mundi</span> <span class='ocrx_word' id='word_1_266' title='bbox 379 4125 517 4182; x_wconf 85' lang='lat' dir='ltr'>prospera</span> <span class='ocrx_word' id='word_1_267' title='bbox 527 4105 635 4163; x_wconf 84' lang='lat' dir='ltr'>temnit</span> <span class='ocrx_word' id='word_1_268' title='bbox 648 4126 681 4163; x_wconf 85' lang='lat' dir='ltr'>ao</span> <span class='ocrx_word' id='word_1_269' title='bbox 697 4106 789 4164; x_wconf 84' lang='lat' dir='ltr'>vineit</span> <span class='ocrx_word' id='word_1_270' title='bbox 801 4107 899 4181; x_wconf 84' lang='lat' dir='ltr'>fortia,</span> 
     </span>
    </p>

    <p class='ocr_par' dir='ltr' id='par_1_35' title="bbox 255 4187 1179 4427">
     <span class='ocr_line' id='line_1_42' title="bbox 255 4187 1121 4267; baseline 0.006 -22"><span class='ocrx_word' id='word_1_271' title='bbox 255 4187 361 4245; x_wconf 85' lang='lat' dir='ltr'>Gratia</span> <span class='ocrx_word' id='word_1_272' title='bbox 374 4207 462 4262; x_wconf 86' lang='lat' dir='ltr'>quem</span> <span class='ocrx_word' id='word_1_273' title='bbox 476 4187 558 4244; x_wconf 90' lang='lat' dir='ltr'>Deus</span> <span class='ocrx_word' id='word_1_274' title='bbox 571 4188 647 4244; x_wconf 88' lang='lat' dir='ltr'>mira</span> <span class='ocrx_word' id='word_1_275' title='bbox 658 4187 730 4245; x_wconf 84' lang='lat' dir='ltr'>facit</span> <span class='ocrx_word' id='word_1_276' title='bbox 743 4188 776 4244; x_wconf 91' lang='lat' dir='ltr'>in</span> <span class='ocrx_word' id='word_1_277' title='bbox 789 4189 852 4264; x_wconf 83' lang='lat' dir='ltr'>ipsa</span> <span class='ocrx_word' id='word_1_278' title='bbox 865 4190 973 4267; x_wconf 87' lang='lat' dir='ltr'>pollere</span> <span class='ocrx_word' id='word_1_279' title='bbox 987 4191 1121 4265; x_wconf 80' lang='lat' dir='ltr'>infantia,</span> 
     </span>
     <span class='ocr_line' id='line_1_43' title="bbox 256 4267 1101 4349; baseline 0.007 -24"><span class='ocrx_word' id='word_1_280' title='bbox 256 4267 423 4344; x_wconf 82' lang='lat' dir='ltr'>Prophetiae</span> <span class='ocrx_word' id='word_1_281' title='bbox 436 4267 483 4324; x_wconf 87' lang='lat' dir='ltr'>illi</span> <span class='ocrx_word' id='word_1_282' title='bbox 496 4267 573 4325; x_wconf 88' lang='lat' dir='ltr'>dona</span> <span class='ocrx_word' id='word_1_283' title='bbox 585 4287 657 4325; x_wconf 87' lang='lat' dir='ltr'>mox</span> <span class='ocrx_word' id='word_1_284' title='bbox 670 4275 700 4325; x_wconf 87' lang='lat' dir='ltr'>et</span> <span class='ocrx_word' id='word_1_285' title='bbox 713 4270 751 4325; x_wconf 87' lang='lat' dir='ltr'>ab</span> <span class='ocrx_word' id='word_1_286' title='bbox 763 4270 828 4344; x_wconf 90' lang='lat' dir='ltr'>ipsa</span> <span class='ocrx_word' id='word_1_287' title='bbox 838 4270 951 4330; x_wconf 88' lang='lat' dir='ltr'>donans</span> <span class='ocrx_word' id='word_1_288' title='bbox 963 4273 1101 4349; x_wconf 81' lang='lat' dir='ltr'>pueritie.</span> 
     </span>
     <span class='ocr_line' id='line_1_44' title="bbox 255 4348 1179 4427; baseline 0.008 -21"><span class='ocrx_word' id='word_1_289' title='bbox 255 4348 341 4426; x_wconf 82' lang='lat' dir='ltr'>Patri</span> <span class='ocrx_word' id='word_1_290' title='bbox 354 4348 481 4424; x_wconf 89' lang='lat' dir='ltr'>denique</span> <span class='ocrx_word' id='word_1_291' title='bbox 494 4349 614 4425; x_wconf 86' lang='lat' dir='ltr'>praescia</span> <span class='ocrx_word' id='word_1_292' title='bbox 627 4348 664 4406; x_wconf 95' lang='lat' dir='ltr'>de</span> <span class='ocrx_word' id='word_1_293' title='bbox 677 4349 794 4427; x_wconf 84' lang='lat' dir='ltr'>captivo</span> <span class='ocrx_word' id='word_1_294' title='bbox 808 4352 912 4427; x_wconf 88' lang='lat' dir='ltr'>pandit</span> <span class='ocrx_word' id='word_1_295' title='bbox 925 4353 1045 4411; x_wconf 86' lang='lat' dir='ltr'>alumno</span> <span class='ocrx_word' id='word_1_296' title='bbox 1058 4355 1179 4413; x_wconf 87' lang='lat' dir='ltr'>monita.</span> 
     </span>
    </p>
   </div>
   <div class='ocr_carea' id='block_1_12' title="bbox 234 4474 1314 4544">
    <p class='ocr_par' dir='ltr' id='par_1_36' title="bbox 234 4474 1314 4544">
     <span class='ocr_line' id='line_1_45' title="bbox 234 4474 1314 4544; baseline 0.011 -22"><span class='ocrx_word' id='word_1_297' title='bbox 234 4475 247 4501; x_wconf 80' lang='lat'><strong>¹</strong></span> <span class='ocrx_word' id='word_1_298' title='bbox 262 4474 497 4522; x_wconf 58' lang='lat' dir='ltr'>idn-abscidendo.</span> <span class='ocrx_word' id='word_1_299' title='bbox 624 4477 637 4538; x_wconf 88' lang='lat'>†</span> <span class='ocrx_word' id='word_1_300' title='bbox 652 4476 705 4524; x_wconf 79' lang='lat' dir='ltr'>MS.</span> <span class='ocrx_word' id='word_1_301' title='bbox 721 4477 797 4536; x_wconf 79' lang='lat' dir='ltr'>gives,</span> <span class='ocrx_word' id='word_1_302' title='bbox 807 4478 855 4527; x_wconf 83' lang='lat' dir='ltr'>line</span> <span class='ocrx_word' id='word_1_303' title='bbox 866 4481 887 4538; x_wconf 87' lang='lat'>6,</span> <span class='ocrx_word' id='word_1_304' title='bbox 902 4484 916 4509; x_wconf 87' lang='lat'>“</span> <span class='ocrx_word' id='word_1_305' title='bbox 923 4481 1010 4542; x_wconf 83' lang='lat' dir='ltr'>planus</span> <span class='ocrx_word' id='word_1_306' title='bbox 1021 4483 1120 4531; x_wconf 79' lang='lat' dir='ltr'>veritate</span> <span class='ocrx_word' id='word_1_307' title='bbox 1130 4487 1201 4543; x_wconf 79' lang='lat' dir='ltr'>aque</span> <span class='ocrx_word' id='word_1_308' title='bbox 1211 4485 1314 4544; x_wconf 64' lang='lat' dir='ltr'>grew</span> 
     </span>
    </p>
   </div>
   <div class='ocr_carea' id='block_1_13' title="bbox 0 0 1478 5002">
    <p class='ocr_par' dir='ltr' id='par_1_37' title="bbox 0 0 1478 5002">
     <span class='ocr_line' id='line_1_46' title="bbox 0 0 1478 5002; baseline 0 1"><span class='ocrx_word' id='word_1_309' title='bbox 0 0 1478 5002; x_wconf 95' lang='lat' dir='ltr'> </span> 
     </span>
    </p>
   </div>
  </div>
 </body>
</html>
