2946 5002
553 275 649 342 raa
667 230 873 362 'spamae

120 442 172 501 Fit
185 460 255 499 mox
268 442 367 519 puella
379 441 475 501 verbis
489 441 614 513 credula,

120 523 162 580 Et
176 541 317 600 puerpera
330 528 430 600 stupet
443 527 473 580 et
486 528 566 580 casta

120 602 236 661 Natum
248 610 365 681 gestans
377 603 538 680 speciosum
549 601 643 660 forma
655 608 804 678 regentem
817 609 922 662 cuncta
935 604 1014 662 orbis
1026 623 1122 684 regna.

120 682 195 740 Haec
208 689 254 742 eet
266 684 351 760 virga
363 702 424 741 non
436 682 566 759 irrigata,
581 682 632 740 sed
645 683 703 740 Dei
716 683 811 759 gratia
823 683 975 761 florigera:
1086 694 1088 699 ’

120 762 195 820 Hac
208 768 253 821 est
267 764 328 821 sola
341 769 513 821 cunctorum
525 763 604 834 hera,
618 769 751 820 materna
764 764 920 821 obscurans
932 765 1047 840 piacula
1060 788 1066 823 :

120 843 215 900 Velut
227 863 294 902 rosa
306 842 445 902 decorans
457 843 580 920 spineta,
595 842 637 900 sic
650 844 726 919 quod
741 843 828 900 laedat
840 844 885 900 nil
898 844 988 902 habet
1000 845 1098 904 Maria

120 923 234 1000 Virgo:
254 924 319 983 Eva
332 924 409 1000 quod
423 923 550 982 contulit
561 923 665 998 prima,
680 923 793 990 Christi
805 943 910 1000 sponsa
922 925 1032 1004 effugat
1045 927 1149 984 Maria

119 1003 147 1062 0
160 1005 252 1082 virgo,
266 1004 327 1062 sola
339 1010 435 1063 mater
447 1009 535 1076 casta,
549 1009 649 1060 nostra
662 1004 784 1062 onmina

119 1083 214 1158 Solve,
229 1085 302 1143 dans
314 1105 405 1162 regna
417 1084 499 1162 queis
512 1085 597 1140 beata
609 1089 734 1159 regnant
747 1084 870 1160 agmina.

118 1163 206 1222 Potes
219 1165 298 1223 enim
311 1171 424 1237 cuncta,
439 1171 475 1223 ut
488 1163 590 1221 mundi
603 1164 712 1239 regina,
728 1170 758 1221 et
766 1166 837 1240 jura

119 1243 193 1302 (lum
207 1245 289 1304 Nato
303 1246 401 1303 omnia
413 1245 553 1302 discernis
565 1243 598 1301 in
611 1244 731 1301 saecula:
753 1253 782 1302 et
796 1245 876 1302 ultra
888 1245 1016 1303 subnixa
1029 1265 1060 1304 es
1073 1246 1105 1305 in
1118 1246 1210 1325 gloria

118 1323 277 1383 Cherubim
290 1325 381 1384 electa
395 1325 604 1400 Seraphimque
621 1324 699 1382 clara
711 1324 835 1400 agmina

117 1404 149 1461 N
149 1425 197 1462 am
212 1408 303 1481 juxta
314 1406 425 1464 Filium
438 1406 518 1463 sedes
530 1404 563 1461 in
576 1405 697 1462 dextera
710 1405 836 1462 rutilans
847 1405 953 1478 virtus,
966 1407 1077 1483 lampas
1090 1413 1120 1466 et
1133 1408 1234 1485 sophia
1246 1430 1253 1467 :

117 1484 268 1544 Nativitas
281 1486 360 1544 unde
372 1486 480 1564 gaudia
492 1485 576 1542 nobis
588 1483 675 1542 hodie
688 1485 774 1542 affert
786 1504 893 1559 annua,

116 1565 158 1622 Et
169 1572 287 1624 resonat
299 1568 435 1624 camoenis
447 1566 516 1623 aula
528 1565 560 1621 in
573 1563 659 1622 laude
673 1570 732 1636 tua,
743 1565 826 1642 virgo
840 1566 937 1624 Maria
949 1588 956 1624 :

116 1643 234 1704 Gaudet
245 1667 299 1724 per
311 1647 430 1705 climata
442 1646 520 1704 orbis
533 1645 662 1703 Ecclesia
676 1645 783 1717 dicens,
797 1645 956 1723 Allelnya3

10 1779 12 1783 ,
115 1725 202 1795 Quod
216 1734 247 1786 et
260 1727 371 1804 palatia
384 1726 447 1785 caeli
462 1726 590 1783 clamant
603 1725 735 1784 dindima
748 1745 840 1802 nsque
853 1726 955 1785 dantia
966 1728 1118 1805 praeconia.

173 1846 302 1906 Initium
314 1849 408 1907 amicti
420 1846 580 1922 Evmspelii.
621 1845 788 1904 Secundum
800 1846 973 1916 Muttinem
984 1849 1024 1924 (i.
1042 1848 1134 1925 1-16).

174 1927 264 1986 Liber
275 1927 471 2006 generationis
484 1946 575 2004 caque
588 1927 628 1984 od
641 1927 693 2002 qui
705 1934 828 1984 vocatur
842 1927 983 1986 Christus.

174 2007 275 2067 Credo.
360 2041 362 2045 ,

174 2086 364 2162 Offermrimu.

173 2170 241 2226 Ave
255 2168 353 2227 Maria
365 2167 461 2244 gratia
472 2168 574 2244 plena:
589 2167 733 2225 Dominus
744 2174 855 2225 tecum:
868 2167 1021 2226 benedicta
1029 2175 1064 2226 tu
1074 2169 1106 2226 in
1116 2169 1295 2246 mulieribus,

112 2253 144 2305 ct
156 2247 325 2307 benedictus
338 2249 452 2307 fructus
467 2248 581 2306 ventris
594 2247 647 2305 tui

170 2327 290 2388 Secreta.

97 2455 100 2459 .
172 2408 332 2488 Unigeniti
344 2409 398 2480 tui,
413 2407 549 2481 Domino,
563 2407 649 2466 nobis
662 2414 812 2467 succurrat
832 2409 1008 2483 humanitas,
1028 2418 1063 2468 ut
1084 2411 1136 2487 qui
1153 2417 1242 2471 natus
1258 2413 1296 2472 de

111 2487 237 2566 Virgine
250 2489 354 2548 matris
365 2489 567 2566 integritatem
579 2507 640 2546 non
652 2489 762 2546 minuit
775 2489 825 2547 sed
838 2491 964 2548 sacravit
973 2512 982 2563 3
999 2491 1032 2548 in
1045 2491 1220 2550 Nativitatis
1233 2494 1297 2568 ejus

111 2568 279 2644 sollemniis,
293 2589 312 2628 a
324 2570 432 2628 nostris
449 2588 503 2627 nos
519 2568 641 2646 piaculis
658 2588 775 2641 exuens,
794 2570 970 2628 oblationem
983 2576 1113 2631 nostram
1131 2573 1187 2629 sihi
1208 2572 1297 2631 faciat

110 2655 264 2727 acceptam
306 2650 365 2709 Per
378 2650 510 2708 eundem.
1057 2680 1059 2685 ¹

169 2729 241 2789 Alia
252 2729 365 2790 Secreta
378 2731 413 2789 dc
425 2739 523 2789 amacio
536 2727 679 2802 Adriano,
694 2739 828 2806 martyre.
1020 2725 1023 2732 ’

169 2808 306 2884 Munera,
327 2829 500 2888 quaesumus,
524 2809 660 2882 Domine,
678 2810 735 2867 tibi
756 2810 852 2869 dicata
873 2812 1030 2883 sanctifica,
1046 2818 1077 2871 et
1097 2813 1296 2873 intercedente

109 2890 195 2949 beato
207 2890 351 2966 Adriano,
364 2910 417 2967 per
429 2890 529 2950 eadem
542 2909 595 2948 nos
607 2891 739 2967 placatus
751 2891 878 2950 intende.
922 2892 980 2950 Per
992 2893 1162 2954 Dominum

168 2971 317 3046 Proefctm.
359 2971 401 3030 Et
412 2978 444 3030 te
456 2972 489 3029 in
502 2971 678 3032 Nativitate.

169 3049 349 3111 Ooomnmoio.

168 3131 329 3192 Benedicta
341 3151 359 3190 α
371 3131 433 3190 filio
445 3136 498 3191 tuo
512 3131 650 3213 Domina,
665 3132 736 3208 quia
748 3152 801 3209 per
812 3138 843 3190 te
860 3132 989 3191 fructum
1010 3134 1081 3192 vitae
1102 3136 1293 3195 communica-

108 3229 212 3270 vrmns.

168 3293 406 3353 Postcoovmrmio.

169 3371 359 3451 Sumpsimns,
373 3372 509 3446 Domine,
524 3372 701 3439 celebritatis
714 3391 819 3430 annua
832 3373 934 3430 votiva
950 3381 1148 3447 sacramenta5
1175 3381 1289 3450 praesta,

109 3470 282 3528 quesumus,
305 3459 340 3513 ut
361 3459 392 3512 et
412 3453 581 3530 temporalis
602 3453 687 3511 nobis
707 3452 777 3510 vitae
798 3454 927 3512 remedia
949 3455 1098 3531 praebeant
1120 3462 1151 3513 et
1172 3461 1288 3514 aetorna

108 3530 165 3590 Per
184 3533 353 3592 Dominum.

166 3612 236 3672 Alio
255 3613 494 3673 Pootcommuoio.

166 3693 253 3752 Beati
272 3695 401 3752 Adriani
417 3695 555 3770 martyris
571 3694 625 3766 tui,
639 3693 775 3768 Domine,
788 3694 994 3753 intercessione
1013 3695 1152 3772 placatus,
1175 3703 1288 3772 praesta,

108 3790 280 3916 {uaesssmua
295 3781 331 3834 ut
343 3775 422 3854 quod
434 3774 635 3852 temporaliter
647 3775 782 3852 gerimus,
796 3781 937 3852 perpetua
952 3775 1112 3834 salvatione
1133 3777 1287 3855 capiamus.

134 3871 165 3912 er
214 3874 353 3915 ommum.

230 4060 271 4120 In
290 4061 442 4120 Gnasrmo
461 4060 665 4119 Nnrrvrrarrs
685 4076 789 4119 suern
808 4060 926 4118 Mearm
946 4059 986 4138 (v.
1001 4061 1046 4120 Id.
1063 4061 1163 4140 Sept),

355 4159 426 4218 Nisi
439 4157 707 4234 Dominiccfcoerit,
721 4159 838 4220 dicotur
850 4161 891 4218 cd
904 4159 1034 4235 Missam.

48 4298 59 4305 ’
165 4251 302 4373 officitur.
344 4299 440 4374 Salve,
454 4306 556 4359 sancta
568 4319 680 4380 parens.

101 4434 103 4438 ,
165 4376 273 4442 Orctic
315 4380 572 4460 supplicationem.
