2946 5002
590 687 878 772 PROSAE.

727 977 754 1034 Ι.

359 1097 409 1154 Au
428 1095 586 1180 Sequentia
599 1099 736 1173 Domine,
752 1101 910 1178 refugium.

280 1193 404 1252 Liuius
425 1193 495 1252 Duo
516 1212 646 1268 DEVOTA,
661 1206 800 1270 eteetera,
814 1209 954 1276 utsupra
969 1199 1041 1277 (vol.
1054 1202 1075 1260 i.
1088 1223 1117 1281 p.
1135 1203 1215 1285 135.)
1272 1211 1277 1221 '

699 1421 760 1480 'IL

264 1534 331 1612 (Au
352 1535 476 1593 Missiu
499 1552 533 1592 1u
552 1536 688 1594 Ausone
707 1552 742 1593 iu
762 1536 884 1594 Numi
905 1538 1211 1622 Domus—Surum.)

257 1669 380 1728 Sounue
400 1686 473 1727 imm
494 1685 574 1727 unio
587 1688 666 1726 nove
679 1669 802 1742 cantica,

258 1750 312 1826 Ouj
316 1770 351 1808 us
364 1751 455 1809 Pater
467 1750 539 1808 feeit
551 1750 659 1822 omniu,
674 1757 769 1808 mater
782 1757 828 1808 est
843 1751 924 1827 virgo
938 1752 1143 1812 sacratissime.

258 1831 409 1890 Genereus
422 1831 470 1889 hie
483 1831 578 1888 nescit
590 1831 740 1904 femina-m,
754 1831 807 1888 ills
819 1837 864 1888 est
877 1834 940 1890 sine
954 1833 1019 1890 viro
1032 1834 1161 1909 gravide

255 1913 392 1970 Verbum
406 1912 492 1970 eorde
506 1911 605 1969 Patris
617 1912 751 1988 genitum
765 1918 835 1970 ante
848 1913 962 1986 seeclila,

256 1993 354 2052 Alvus
367 1994 471 2051 matiis
483 1993 574 2068 gessit
587 1999 774 2070 corporatum
786 2013 839 2070 per
851 2000 997 2070 tempora.

257 2075 283 2132 0
296 2075 373 2132 mire
385 2074 530 2151 geniture,
547 2074 574 2131 Ο
587 2074 734 2152 stupende
745 2074 888 2131 nativitas
901 2077 908 2133 l

256 2156 282 2213 Ο
296 2155 392 2232 proles
404 2155 539 2232 gloriosa,
553 2155 716 2212 humanata
729 2155 900 2213 Divinitas!

256 2237 304 2294 Sic
317 2242 348 2294 te
361 2237 552 2307 nasciturum,
568 2235 628 2292 Fili
641 2236 708 2308 Dei,
723 2237 815 2308 vates,
829 2236 909 2294 docti
919 2243 973 2294 tuo
987 2237 1110 2314 Spiritu,
1125 2238 1281 2313 dixerant,

256 2318 304 2375 Sic
317 2324 348 2375 te
362 2319 474 2375 oriente
488 2317 590 2374 laudes
603 2317 661 2374 tibi
674 2323 805 2389 cantant,
819 2337 921 2394 pacem
935 2319 1023 2375 terris
1036 2319 1134 2396 angeli
1147 2321 1298 2379 nuntiant.

255 2398 411 2457 Elementa
423 2397 525 2455 vultus
539 2394 727 2471 exhilarant3
844 2436 846 2445 ·

256 2479 365 2537 Omnes
385 2479 481 2537 saneti
492 2479 656 2554 gaudentes
664 2477 797 2554 jubilant
907 2524 911 2539 ,

255 2561 341 2618 Salve
355 2560 525 2633 clamand03
545 2579 657 2636 nosque
669 2559 759 2632 salva,

254 2641 360 2699 Deitas
372 2641 405 2698 in
417 2640 550 2719 personis
563 2640 644 2698 trine

254 2723 387 2799 Simplex
400 2722 475 2780 usia.

700 2867 762 2930 ΙΙΙ.

444 2995 496 3074 (Iu
515 2996 622 3053 Fusus
643 2996 1023 3077 Ammonius-iore.)

355 3125 458 3183 Omen
479 3126 688 3199 emesenum*
702 3137 838 3204 utsupra
853 3128 915 3206 (vol
924 3128 960 3187 li.
974 3148 1001 3205 p.
1020 3128 1101 3207 137).

699 3329 759 3388 IV.

463 3461 513 3519 Du
533 3476 645 3520 suucuo
665 3462 809 3533 Annuus,
830 3477 991 3519 mosuoio.

190 3543 342 3619 Alleluye.

130 3622 236 3682 Ouum
255 3640 415 3683 clusinus
436 3640 605 3682 souoiumn
618 3624 733 3681 cantica
746 3629 847 3682 sancto
861 3622 991 3680 Andreae
1005 3620 1145 3700 praedulci
1158 3622 1296 3682 melodia:

131 3705 190 3774 Qui
204 3706 266 3763 eseli
280 3706 362 3763 curia
374 3705 498 3763 victoria
512 3705 604 3782 pollet
618 3705 797 3781 apostolice,

131 3787 225 3855 Quem
238 3787 367 3844 mundus
380 3787 509 3845 celebrat
521 3787 643 3844 fratrem
658 3786 740 3844 Petri
754 3787 842 3864 plena
854 3785 976 3842 laudum
989 3785 1094 3862 gloria.

130 3865 191 3924 Hie
204 3868 350 3925 Achaiam
364 3867 511 3944 ingressus
524 3868 612 3925 idolis
624 3867 761 3944 plurimis
775 3867 907 3924 deditam

130 3945 230 4006 Solum
246 3948 407 4006 Dominum
423 3949 578 4006 colendum
591 3949 691 4006 docuit
704 3949 762 4006 fide
776 3947 937 4005 catholiea:

130 4027 222 4103 Cujus
235 4049 306 4086 mox
326 4031 464 4107 dogmata
483 4030 601 4106 agmins
620 4029 748 4105 plurima
768 4029 975 4106 sequebantur,
989 4027 1059 4084 fidei
1072 4026 1190 4085 Ohiisto
1203 4046 1326 4086 munera

209 4111 320 4168 dantia.

128 4187 196 4248 Hoc
206 4211 326 4249 cernens
339 4191 468 4267 perfidus
480 4191 575 4247 nimis
587 4161 697 4248 exarsit
711 4189 825 4247 invidis
836 4190 956 4269 AEgeas
968 4194 1075 4246 eaeeeta
1086 4189 1183 4253 ferens
1196 4194 1324 4266 pectore,

128 4269 170 4328 Et
183 4272 241 4330 Dei
254 4272 394 4330 dilectum
408 4290 461 4347 per
474 4273 597 4328 verbera
609 4271 733 4329 carceris
746 4290 862 4347 quoque
870 4270 983 4349 'afflixit
996 4271 1116 4345 injuria.

128 4353 224 4422 Quem
237 4353 340 4410 videns
354 4352 500 4409 invictum
513 4371 566 4429 per
579 4353 686 4422 omnia,
701 4352 822 4428 perduci
830 4351 922 4429 jussit
935 4351 1028 4409 crueis
1041 4352 1078 4410 ed
1092 4351 1263 4429 suspendis:

432 4481 445 4505 ¹
460 4481 513 4527 MS.
525 4481 602 4539 gives,
612 4480 660 4526 line
670 4482 692 4538 3,
708 4479 868 4527 “Antiochus
878 4482 903 4525 et
912 4479 1025 4525 Romus.'’
