2946 5002
563 372 660 438 Ferte
682 372 884 440 Nouembris

435 539 507 597 Sine.
520 538 612 615 signis
624 539 800 614 illustratur,

437 620 549 678 Oaelum
563 620 620 678 sibi
632 620 776 695 glorietur

476 700 560 757 Addi
573 701 652 757 sidus
666 720 796 758 aureum.

435 780 539 857 Virgo,
554 781 634 838 sidus
647 781 819 852 honestatis

436 861 509 918 Dux
523 867 553 918 et
566 861 654 919 decus
667 862 831 937 probitatis,

436 941 548 999 Christi
561 960 626 999 reos
640 942 802 1017 majestatis

477 1022 595 1079 Christo
608 1022 770 1079 reconcilia„

436 1101 501 1159 Vas
513 1103 670 1173 virtutum,
685 1102 735 1159 via
752 1121 876 1175 morum,

436 1181 506 1240 Flos
518 1183 624 1255 odoris,
639 1182 710 1240 odor
722 1183 836 1254 florum,

437 1262 503 1320 Nos
516 1268 607 1334 tuere,
624 1283 676 1321 nos
691 1263 827 1321 eaelorum

478 1343 617 1400 Transfer
630 1344 668 1400 ad
681 1344 798 1419 palatiu

194 1440 395 1516 neumatum.
438 1442 540 1499 Simile
553 1448 599 1499 est
611 1462 735 1518 regnum
748 1441 885 1500 caelorum
897 1441 1043 1502 thesaure.

197 1521 389 1596 Offertorirun.
431 1522 516 1580 Filiae
529 1543 638 1599 regum
704 1539 706 1544 ·

196 1601 317 1660 Secreta.

196 1683 332 1754 Munera,
348 1681 484 1754 Domine,
500 1684 652 1759 proesentis
665 1684 806 1756 saorifieii,
822 1705 887 1761 quae
908 1684 964 1743 tibi
984 1684 1132 1742 offerimus
1145 1683 1177 1738 in
1191 1681 1332 1740 honorem

136 1769 243 1824 unctu
258 1763 433 1820 Katherinae
446 1764 578 1840 virginis,
596 1765 671 1821 fiant
688 1766 772 1822 nobis
789 1766 851 1841 ejus
869 1766 1004 1842 precibus
1016 1766 1080 1822 vite
1093 1769 1243 1840 perpetua,
1257 1767 1287 1821 et
1300 1766 1333 1820 te

136 1845 274 1916 donante,
288 1843 367 1901 salus
379 1843 505 1902 infinita.
548 1845 607 1902 Per
619 1846 789 1902 Dominum.
852 1908 854 1912 ¹

197 1923 377 1984 Communia
420 1924 522 1982 Simile
536 1931 644 1982 esto
593 1946 716 2002 regnum
730 1927 874 1985 oaelomm.

196 2005 438 2063 Posteommureio.

197 2085 337 2161 Sumptis,
352 2085 490 2157 Domine,
507 2085 611 2143 salutis
633 2094 749 2145 aeternae
771 2087 919 2163 mysteriis
940 2086 1111 2164 suppliciter
1132 2086 1335 2162 depreeumm,

135 2172 171 2226 ut
192 2167 284 2223 beutae
304 2165 486 2239 Katherinae,
509 2167 633 2244 virginis
652 2175 683 2225 et
703 2169 841 2244 martyris
860 2175 929 2240 tuae,
953 2170 1047 2226 oratio
1069 2174 1189 2226 cunctus
1210 2187 1229 2225 a
1250 2164 1337 2224 nobis

136 2246 308 2322 iniquitates
322 2246 456 2323 expellet.
499 2246 564 2305 Per.

427 2472 539 2531 Senem
561 2471 644 2545 Lnu,
666 2487 758 2530 rure.
803 2471 855 2552 (vi.
871 2473 941 2533 Kal.
957 2472 1042 2550 Dee.)

200 2609 339 2686 Offieiwm.
382 2611 559 2669 Sacerdotes.

198 2692 306 2750 Oratio.
350 2691 470 2764 Praesta,
487 2710 661 2768 quaesumus

197 2772 337 2848 Epistola.
380 2772 402 2830 J
403 2777 501 2829 ustum
516 2772 641 2828 deduxit
655 2772 808 2830 Dominus.

200 2851 333 2910 Gredete.
377 2851 452 2909 Eece
465 2851 604 2908 sacerdos.

197 2932 345 3007 Alleluyu.
393 2932 424 2990 V.
447 2932 537 2989 Posui
551 2932 740 3007 adjutorium.
793 2951 797 2956 ’

196 3013 396 3088 Everqete'ure
439 3013 571 3088 Vigilate
585 3013 655 3088 quie
668 3013 793 3071 nescitis.

200 3092 392 3168 offertorium.
435 3093 544 3151 Inveni
557 3092 664 3151 David.

202 3173 383 3236 Communia
427 3174 564 3248 Domine,
580 3175 719 3250 quinque.

356 3365 471 3424 Morus
491 3381 633 3422 r1u1nr1>1
654 3379 821 3422 contueris
843 3379 900 3422 suu
921 3364 1103 3422 Onnmouns.

299 3502 359 3559 Per
372 3501 535 3559 Dominum
549 3501 637 3572 dices,
653 3500 680 3559 si
692 3501 811 3558 Putrem
820 3499 966 3575 presbyter
979 3520 1045 3558 oras
1055 3521 1068 3569 ,·

298 3582 335 3642 Si
349 3580 500 3641 Christum
512 3601 654 3651 memores,
672 3581 731 3637 Per
745 3580 871 3638 eundem
885 3581 976 3638 dicere
993 3581 1094 3649 debee;
1186 3647 1189 3652 ,

299 3662 335 3722 St
348 3663 473 3738 loqueris
487 3660 610 3732 Christo,
627 3661 687 3731 Qui
700 3662 786 3733 vivis,
800 3662 871 3718 seire
885 3670 1022 3720 memento
1030 3684 1044 3731 ;

303 3743 362 3813 Qui
376 3750 481 3813 tecum,
495 3743 522 3800 ee‘
535 3743 575 3800 eit
586 3742 702 3800 collectae
713 3741 789 3816 finis
802 3741 837 3799 ire
850 3741 912 3817 ipro
921 3761 935 3810 ,⁰

298 3823 335 3883 Si
347 3844 482 3882 memores
491 3822 614 3898 fleme,
630 3822 773 3899 Ejusdem
786 3820 835 3879 die
850 3842 941 3898 prope
954 3825 1048 3897 finem
1058 3844 1070 3890 ,-

299 3904 360 3963 Die
374 3905 414 3962 In
425 3924 486 3980 que
499 3904 585 3975 vivis,
601 3923 666 3961 eum
679 3903 785 3960 mentio
792 3905 833 3976 fit
849 3903 1005 3960 Trinitatis
1014 3924 1027 3972 ‚·

299 3985 452 4063 Expetkree
464 3984 609 4043 Saturium
623 3983 703 4041 dieas
717 3983 751 4040 ire
757 3985 820 4058 fine
834 3983 893 4040 Per
906 3983 1012 4060 ignem.

297 4236 366 4294 Hoc
380 4241 425 4294 est
438 4235 556 4307 nescire,
572 4234 634 4292 sine
646 4232 764 4291 Christo
778 4233 907 4310 plurima
919 4233 1010 4304 seire3

297 4317 330 4375 Si
344 4317 497 4375 Christum
509 4317 584 4373 bene
597 4314 661 4388 scis,
676 4322 721 4371 sut
722 4309 748 4372 is
761 4334 791 4373 es
792 4321 806 4372 t
819 4314 845 4372 si
859 4319 955 4372 cetera
967 4313 1068 4370 neseis.
1072 4313 1089 4347 ¹*

230 4507 244 4535 ⁸
259 4504 322 4551 Here
331 4505 358 4550 in
368 4504 412 4552 Ed.
421 4505 434 4550 1
444 4503 528 4553 follow
536 4501 578 4550 the
587 4504 602 4532 ⁸⁴
612 4501 849 4563 considerationes
827 4513 891 4548 onos
901 4500 1021 4547 Missam”
1031 4499 1108 4561 (vol
1101 4515 1125 4558 u,
1133 4515 1157 4561 p.
1167 4500 1234 4562 xlv).
