2946 5002
559 294 657 405 Vesta
678 297 838 425 depasti.
1259 347 1302 410 93

91 507 231 584 passione
244 505 412 578 roborasti,
433 525 472 564 ex
488 507 553 582 ejus
572 506 659 564 nobis
678 505 846 565 imitatione
866 507 965 565 tribue
978 528 1033 584 pro
1046 528 1146 567 amore
1160 516 1212 567 tuo
1225 530 1305 587 pros-

92 608 167 666 pers
179 587 288 645 mundi
301 587 458 663 despicere
464 594 495 644 et
507 587 630 644 nulle
605 607 670 663 eJus
683 588 807 647 adversa
818 586 986 648 formidare.
1030 589 1088 648 Per
1102 590 1273 650 Dominum.

158 667 302 744 Epistola.
345 667 494 726 Dominus
507 668 582 725 mihi
595 668 722 758 adstitit.

160 748 296 808 Gradale.
339 748 448 807 Justus
462 755 497 805 nt
509 748 673 824 palma.

158 830 310 907 Alleluye.
360 829 389 888 V.
412 829 579 887 Laetabitsn
587 831 696 905 justus.

158 909 363 986 Eeaaqeliam.
407 909 495 977 Nihil
508 916 653 987 opertum.

162 991 357 1066 offertorium.
401 990 577 1048 In'virtute.

160 1072 281 1130 Secreta.

161 1151 345 1210 Sacrificium
366 1152 442 1222 tibi,-
454 1151 593 1222 Domine,
614 1152 710 1210 Ιιιιιιιι
730 1153 911 1210 offerimus
902 1174 935 1210 ιιι
956 1161 1076 1212 tuorum
1099 1175 1304 1217 commemore-

97 1234 181 1292 tione
194 1240 385 1305 sanctorum3
405 1232 452 1302 da,
468 1252 645 1309 quaesumus,
657 1238 692 1290 ut
705 1233 784 1309 quod
798 1233 859 1292 illis
873 1236 1054 1294 contulitsd
1067 1236 1200 1315 gloriam,
1216 1239 1303 1298 nobis

93 1310 194 1393 prosit
207 1312 246 1372 sd
259 1313 395 1371 salutem.
438 1312 499 1371 Per
512 1313 685 1372 Dominum.

162 1394 346 1453 Communia.
390 1394 528 1452 Posuisti

160 1475 404 1535 Postcommaaio.

87 1557 93 1573 '
159 1556 291 1634 Repleti,
306 1556 445 1626 Domine,
460 1555 665 1613 bencdictione
679 1555 797 1629 caelesti,
814 1567 991 1633 quesumus,
1007 1559 1195 1619 clementiam
1210 1567 1303 1633 tuam,

99 1645 134 1695 ut
154 1637 357 1696 intercedente
379 1638 466 1694 besto
490 1636 636 1695 Hermete
660 1642 795 1712 martyre
815 1642 878 1730 tuo,
905 1658 971 1715 quae
996 1641 1152 1700 humiliter
1175 1644 1304 1721 gerimus

99 1718 260 1776 salubriter
273 1719 444 1776 sentiamus
488 1717 546 1796 Per
560 1717 732 1774 Dominum
1323 1719 1325 1722 ’

99 1979 139 2036 Is
161 1943 522 2035 resno-Deconnsrroms
543 1989 650 2030 ιιιιιιι
671 1971 829 2030 somus
850 1972 1018 2032 Βιιιιιιιι
1056 1972 1106 2052 (ιι.
1123 1975 1192 2034 Kal.
1210 1977 1304 2056 Sept.)

164 2125 303 2200 Officicua.
347 2124 455 2182 Justas
468 2129 504 2181 ut
517 2123 622 2199 palma.
725 2161 728 2166 -

164 2206 273 2265 Oratio.

114 2282 267 2346 Sancti
296 2285 445 2344 Johennis
478 2284 621 2360 Baptistae
656 2291 686 2341 et
721 2285 858 2360 martyris
886 2286 941 2357 tui,
969 2285 1108 2358 Domine,
1137 2308 1305 2364 quaesumus

100 2367 272 2428 venerande
304 2367 452 2424 festivitas
484 2365 623 2422 salutaris
654 2365 760 2422 auxilii
788 2365 874 2423 nobis
901 2375 1023 2443 praestet
1050 2369 1196 2427 effectum.
1248 2371 1306 2429 Per

98 2450 289 2510 Dominum.

163 2530 429 2588 Memoriasanctoe
441 2527 568 2600 Sabiaoe,
582 2528 745 2602 cirpiaiset
758 2529 906 2603 aeertpm's
951 2530 1060 2588 Oratio

164 2613 256 2683 Dens,
271 2611 324 2687 qui
337 2610 417 2667 inter
438 2615 544 2686 caetere
556 2609 698 2684 potentiae
720 2615 780 2666 tuae
802 2609 945 2666 miracula
966 2611 1079 2668 etiem
1070 2631 1103 2667 ιιι
1117 2631 1191 2669 sexu
1205 2613 1305 2691 fragili

93 2693 260 2752 -victcriam
286 2697 453 2767 martyrum
480 2689 642 2761 contulisti,
667 2689 791 2747 concede
818 2691 974 2766 propitius,
998 2698 1034 2749 ut
1061 2692 1146 2768 cujus
1167 2695 1284 2753 ιιιιιιιι
1262 2704 1306 2754 ιιι

96 2775 226 2835 colimus
240 2791 331 2849 perJ
306 2793 322 2829 e
335 2792 370 2829 us
383 2771 428 2827 ed
435 2778 466 2828 te
479 2770 616 2846 exempla
629 2770 805 2847 gradiamur.
848 2771 913 2829 Per.
1128 2804 1131 2809 ,

163 2853 307 2930 Epistola.
350 2853 446 2910 Lectio
461 2852 529 2909 libri
541 2852 700 2927 Sapientem
714 2852 818 2927 (Broc.
833 2873 860 2910 a.
878 2853 987 2925 28·32;
1007 2854 1046 2911 ιι.
1064 2854 1091 2924 3,
1107 2854 1135 2927 5,
1151 2855 1246 2933 8-11).

164 2933 342 3011 Expectatio
351 2935 502 3009 justorum
517 2951 607 3007 resque
620 2934 661 2989 ad
674 2932 855 2990 exaltabitur
868 2933 980 2991 civitas.

164 3097 301 3155 Herodes
315 3095 395 3154 enim
409 3094 509 3152 tenuit
522 3092 553 3151 et
567 3094 672 3171 ligavit
685 3094 707 3150 J
709 3094 854 3152 ohannem
867 3116 873 3151 :
895 3100 926 3152 et
938 3094 1039 3170 posuit
1052 3095 1085 3151 in
1099 3114 1252 3158 carcerem.

95 3246 99 3252 ,
163 3177 312 3254 Alleluye.
355 3175 385 3236 V.
408 3175 535 3251 Propter
545 3174 765 3233 Herodiadem
786 3195 875 3252 quam
883 3175 1002 3245 tulerat
1014 3175 1101 3233 fretu
1111 3197 1164 3235 suo
1174 3180 1304 3252 mente

100 3278 236 3319 uxorem.

164 3340 314 3414 Alleluye.
364 3337 393 3394 V.
416 3305 509 3407 Misso
532 3336 668 3394 Herodes
689 3336 865 3413 spiculatore
889 3337 1028 3412 praecepit
1048 3339 1197 3414 amputari
1217 3349 1306 3418 ceput

99 3424 123 3482 J
125 3420 275 3481 ohsnnls
266 3440 299 3477 111
313 3434 434 3476 carcere.

164 3501 330 3578 Sequentia.

226 3582 291 3658 Deo
304 3579 408 3639 laudes
422 3579 548 3656 gloriose
562 3580 699 3636 concinat
713 3598 840 3654 praesens
851 3579 1015 3650 celebritas,
1048 3640 1051 3647 ¹

227 3661 304 3721 Oum
316 3662 397 3719 beati
412 3661 601 3736 praecursoris
615 3665 861 3716 commemoratur
874 3661 1041 3730 festivitas5

226 3743 287 3815 Qui
299 3742 396 3800 sterili
409 3749 568 3817 conceptus
581 3741 712 3816 angelico
726 3747 772 3797 est
785 3741 946 3816 promissus
960 3740 1076 3808 nuntio,

227 3824 365 3882 Necdum
378 3822 472 3880 sensit
482 3828 571 3879 natus
584 3821 717 3898 virgineo
732 3821 886 3879 Christum
899 3821 1032 3877 clausum
1045 3827 1139 3877 utero.
1176 3865 1179 3869 .

227 3905 289 3963 Hic
303 3910 425 3962 exortus
439 3903 573 3979 linguam
586 3904 680 3978 patris
693 3902 825 3975 resolvit,

227 3987 268 4044 Et
281 3985 418 4044 doctrina
431 3984 599 4061 prophetali
612 3983 778 4058 complevit.

228 4067 304 4125 Inde
317 4066 425 4124 vicinis
438 4065 577 4141 provenit
591 4065 721 4121 maxima
734 4083 801 4121 cum
816 4069 935 4138 stupore
950 4061 1063 4118 laetitia.

229 4148 291 4206 Hic
304 4147 424 4205 adultus
438 4165 491 4222 per
504 4146 601 4202 desert
589 4151 621 4202 ta
634 4145 745 4222 deguit,

228 4229 275 4286 De
289 4227 393 4287 cameli
406 4226 476 4302 pilis
489 4232 609 4301 tegmen
622 4226 737 4297 hebuit,
844 4249 860 4256 >¹

228 4310 344 4367 Artans
358 4308 475 4366 lumbos
489 4307 606 4383 pellicia
619 4325 700 4378 zone,
716 4306 805 4363 edens
819 4303 908 4362 melle
923 4300 1078 4359 silvestris.

229 4391 285 4448 Est
299 4390 419 4448 Christo
432 4389 492 4446 fact
480 4396 529 4446 tus
542 4387 679 4462 pressius,
695 4386 849 4444 Christum
862 4383 952 4442 sacris
966 4381 1042 4439 levit
1055 4383 1212 4445 manibus:
1298 4442 1300 4447 ,

229 4472 334 4549 Ipsum
343 4469 524 4529 monstravit
538 4467 682 4539 omnibus,
699 4466 818 4524 Christo
831 4456 878 4524 est
889 4462 1046 4541 praedictus
1060 4463 1190 4566 angelus.
