2946 5002
566 384 662 480 Festo
682 382 887 469 Septembris.

228 626 413 685 Sascrorun
434 642 603 684 uarrrnun
625 625 735 685 Oosnn
756 641 793 682 nr
814 624 963 681 Damam.
1008 623 1048 701 (v.
1064 625 1133 682 Kal.
1151 624 1231 705 Oct.)

194 780 332 853 Officium.
376 780 557 856 Sapientiam
577 785 751 837 sanctorum

195 860 303 918 Oratio

192 940 312 1012 Praesta,
341 960 514 1016 quaesumus,
543 940 726 1016 omnipotens
753 939 844 1010 Deus,
872 945 907 996 ut
931 940 982 1016 qui
1008 944 1175 998 sanctorum
1202 946 1321 999 tuorum

132 1021 244 1078 Cosmae
269 1028 298 1078 et
323 1021 463 1078 Damiani
486 1020 623 1078 natalitia
650 1021 780 1091 colimus,
809 1041 828 1076 a
848 1023 962 1077 cunctis
988 1021 1074 1078 malis
1096 1020 1321 1080 imminentibus

132 1120 232 1158 eorum
247 1102 504 1159 intercessionibus
517 1102 682 1159 liberemur.
726 1101 784 1158 Per
795 1101 966 1158 Dominum.

194 1182 335 1257 Epistola.

192 1262 369 1320 Benedictus
383 1263 465 1320 Deus
478 1268 509 1320 et
522 1262 612 1320 Pater
626 1261 750 1320 Domini
763 1261 857 1320 nostri
870 1262 892 1320 J
894 1281 945 1319 esu
959 1261 1079 1335 Christi,
1094 1263 1147 1340 qui
1160 1262 1321 1322 secundum

134 1361 181 1399 ma
202 1363 278 1400 nam.

182 1362 328 1481 gGroclolc.
371 1424 447 1482 Ecce
462 1443 550 1500 quam
563 1424 681 1480 bonum.

191 1503 340 1580 Alleluya.
388 1504 416 1562 V.
441 1504 543 1562 Sancti
561 1505 617 1576 tui,
633 1503 768 1561 Domine.

193 1585 394 1659 anopcliom.
437 1584 512 1642 Haec
526 1585 641 1655 mando,
655 1585 689 1642 iii
704 1583 861 1643 Communi
873 1583 966 1642 ocios
978 1583 1106 1660 apostoli.

102 1731 105 1737 .
195 1664 386 1737 Offlrtoriom.
431 1664 654 1723 Gloriabuntur.

193 1743 313 1803 Secreta.

193 1825 369 1883 Sanctorum
391 1832 511 1884 tuorum
533 1827 626 1898 nobis,
651 1825 787 1897 Domine,
810 1825 861 1900 pia
881 1845 942 1883 non
965 1826 1041 1883 desit
1069 1824 1172 1897 oratio,
1201 1845 1267 1902 quae
1292 1831 1323 1884 et

133 1925 255 1963 munera
276 1912 379 1964 nostra
399 1908 543 1979 conciliet,
558 1914 589 1964 et
609 1914 694 1964 tuam
715 1907 799 1964 nobis
820 1907 1035 1983 indulgentiam
1057 1908 1323 1982 semperobtineat.

135 1987 193 2045 Per
206 1986 376 2044 Dominum.

181 2067 376 2126 Communia
419 2069 494 2126 Dico'
507 2074 607 2126 autem
619 2068 710 2125 vobis.

195 2147 436 2207 Pootcommuiiio.

195 2227 344 2305 Protegat,
360 2249 535 2305 quaesumus,
550 2229 687 2300 Domine,
697 2228 840 2304 populum
848 2233 944 2301 tuum,
957 2233 987 2285 et
1000 2227 1187 2304 participatio
1200 2228 1324 2287 caelestis

134 2309 251 2366 indulta
264 2310 395 2367 convivii
407 2316 438 2367 et
451 2310 615 2385 deprecatio
630 2309 736 2367 collata
749 2315 923 2367 sanctorum
967 2308 1025 2365 Per
1038 2308 1208 2368 Dominum.

316 2590 428 2647 Sarcrr
450 2588 636 2661 Mrcnanms,
657 2604 862 2648 ancnnnonm.
906 2588 960 2666 (iii.
975 2587 1046 2645 Kal.
1062 2587 1143 2666 Oct.)

196 2721 335 2795 Officium.

195 2801 367 2860 Benedicite
381 2801 553 2872 Dominum,
567 2820 666 2857 omnes
681 2801 779 2878 angeli
793 2801 864 2876 ejus,
878 2806 1013 2877 potentes
1027 2800 1147 2872 virtute,
1162 2800 1215 2878 qui
1228 2801 1324 2859 facitis

136 2883 260 2939 verbum
272 2883 345 2957 ejus,
359 2883 396 2938 ad
410 2881 584 2938 audiendam
598 2900 699 2939 vocem
712 2900 879 2939 sermonum
893 2882 963 2957 ejus

197 2962 341 3019 Psalmoe.

195 3043 323 3100 Benedic
346 3043 445 3100 anima
462 3061 527 3099 mea
548 3043 687 3114 Domino,
702 3048 732 3100 et
745 3042 844 3099 omnia
865 3061 931 3118 quae
951 3041 1031 3099 intra
1050 3060 1098 3099 me
1115 3047 1195 3116 sunt,
1210 3043 1325 3101 nomini

137 3129 238 3181 sancto
251 3125 322 3199 ejus.

198 3204 307 3262 Oratio.

196 3285 285 3355 Deus,
309 3285 361 3360 qui
381 3285 414 3342 in
435 3285 510 3342 miro
531 3283 633 3342 ordine
654 3284 823 3361 angelorum
844 3283 1009 3340 ministeria
1035 3283 1247 3360 hominumque
1269 3284 1325 3341 dis-

135 3385 249 3442 pensas,
264 3365 387 3423 concede
400 3366 552 3441 propitius,
566 3371 602 3423 ut
615 3366 721 3442 quibus
738 3366 795 3421 tibi
815 3364 1052 3421 ministrantibus
1069 3364 1101 3419 in
1122 3364 1191 3422 caelo
1211 3384 1325 3442 semper

137 3447 293 3520 assistitur,
308 3447 345 3503 ab
358 3446 405 3503 his
418 3447 449 3503 in
464 3452 543 3504 terra
556 3448 619 3503 vita
632 3452 734 3502 nostra
747 3445 906 3503 muniatur.
948 3443 1007 3501 Per
1020 3444 1190 3502 Dominum.

197 3527 291 3586 Lectio
305 3527 374 3584 libri
386 3526 577 3602 Apocalypsis
590 3527 664 3584 beati
677 3524 701 3581 J
701 3525 825 3583 ohannis
838 3524 968 3600 Apostol'
981 3524 1018 3600 (i.
1037 3524 1109 3602 1-5)

197 3609 237 3664 In
250 3608 353 3665 diebus
366 3607 434 3680 illis,
455 3607 638 3685 Significavit
657 3606 739 3664 Deus
756 3625 820 3682 quae
835 3610 950 3681 oportet
967 3604 1032 3662 fieri
1048 3625 1139 3680 acqua
1155 3605 1196 3664 <ui
1215 3606 1249 3662 in
1262 3625 1325 3664 san·

137 3708 226 3765 guine
240 3708 301 3747 suo.

199 3768 332 3827 Gratata.

197 3849 368 3907 Benedicite
381 3849 552 3919 Dominum,
567 3867 667 3905 omnes
684 3847 781 3925 angeli
794 3848 857 3923 ejus
876 3851 1011 3924 potentes
1024 3846 1147 3919 virtute,
1161 3846 1214 3924 qui
1230 3846 1326 3906 facitis

138 3931 261 3987 verbum
275 3932 347 3988 e‘us.

142 4010 171 4067 V.
195 3951 323 4068 Benedic
333 4010 433 4068 anima
441 4022 517 4084 mea,
526 4009 672 4067 Domino:
691 4013 721 4066 et
732 4008 831 4066 omnia
841 4008 983 4067 interiora
990 4027 1056 4067 mea
1063 4028 1181 4067 nomem
1190 4014 1325 4066 sanetum

138 4110 208 4150 eus.

150 4112 162 4165 J
197 4171 346 4248 Alleluya.
394 4171 423 4231 V.
449 4171 488 4228 In
507 4176 663 4247 conspectu
681 4170 852 4248 angelorum
873 4169 997 4247 psallam
1016 4169 1082 4244 tibi,
1097 4169 1225 4229 Domine
1246 4169 1326 4227 Deus

138 4271 227 4310 meus.
928 4283 931 4288 ·

198 4332 358 4408 Sequentia.

261 4413 311 4470 Ad
324 4413 457 4484 celebres,
472 4432 526 4470 rex
539 4412 643 4483 caelice,
657 4412 758 4470 laudes
771 4417 878 4470 cuncta

258 4493 374 4570 Pangat
386 4513 466 4552 nunc
479 4513 585 4552 canora
598 4499 714 4552 caterva
727 4491 900 4571 symphonia
912 4509 921 4563 ;
