2946 5002
635 335 767 421 Kyrtes.

642 535 768 599 XXV.l

548 651 731 712 Ssnvrrronr
750 642 861 712 rrrrss.

227 761 376 843 Sslvifieet
389 763 484 840 pietas
496 768 549 821 tue
562 782 625 835 nos,
639 765 716 824 bone
729 771 834 837 rector,
849 765 974 842 eleyson.

228 843 345 902 Christe
359 845 417 902 Dei
430 844 576 922 splendor,
590 847 694 916 virtus,
709 846 867 924 Patrisque
880 847 991 923 sophia,
1006 844 1132 921 eleyson.

227 923 385 982 Plssmatis
398 923 522 983 humani
534 926 637 997 factor,
652 927 726 1003 lapsi
738 934 898 1005 reparator,
913 928 1038 1003 eleyson.

226 1004 275 1061 Ne
288 1011 342 1063 tun
355 1006 520 1080 damnetur,
534 1007 556 1065 J
557 1027 616 1081 esu,
632 1007 754 1082 facture,
768 1009 895 1086 benigne
908 1009 1034 1084 eleyson.

226 1085 395 1144 Amborum
409 1107 524 1145 serrum
538 1088 693 1164 Spiramen
705 1109 804 1147 nexus,
813 1109 961 1166 emorque,
977 1088 1102 1166 eleyson.

228 1165 393 1226 Procedens
406 1169 504 1240 fomes,
518 1169 589 1226 vitae
602 1170 676 1242 fons,
691 1171 857 1229 sensificans
870 1172 925 1243 vis,
940 1170 1064 1245 eleyson.

227 1246 375 1324 Purgator
388 1249 490 1326 oulpae,
504 1251 598 1308 venire
612 1250 735 1328 largitor
748 1252 860 1328 opImae,
874 1251 999 1327 eleyson.

72 1409 75 1416 ἡ
120 1409 123 1415 .
228 1327 361 1388 Offensos
374 1330 449 1401 dele,
462 1337 564 1389 saneto
577 1351 631 1390 nos
644 1351 766 1390 munere
778 1333 867 1410 reple,
882 1331 1010 1410 Spiritus
1023 1330 1106 1389 elme.

640 1540 765 1599 XXVI.

549 1655 575 1714 O
596 1655 702 1714 Peren
721 1672 862 1715 nxenrsn.
950 1648 952 1653 ’

229 1769 255 1828 Ο
269 1770 361 1828 Peter
373 1771 495 1842 excelse,
510 1769 623 1828 sincera
635 1776 735 1830 mente
748 1770 875 1845 colende,
891 1771 1029 1848 eleyson.-

228 1850 386 1929 Ingenitus
399 1853 516 1930 genitor
528 1870 645 1929 quoque
658 1853 738 1929 pacis
750 1859 874 1926 amator,
889 1853 1016 1928 eleyson.

229 1930 320 1990 Parce
334 1932 404 2004 tuis,
418 1933 524 1997 usion†
537 1932 586 2009 pie
598 1934 732 1991 eonditor
745 1933 833 2005 orbis,
849 1934 975 2010 eleyson.

230 2011 347 2071 Christe
360 2013 459 2071 Petris
472 2014 580 2090 genite,
595 2014 773 2072 famulorum
786 2015 911 2073 erimina
924 2021 1014 2092 terge,
1028 2015 1153 2092 eleyson

228 2090 364 2152 Olarifies
375 2113 469 2166 voees,
484 2095 553 2153 celsi
566 2095 666 2153 Petris
679 2095 767 2153 unios
779 2097 882 2172 proles,
898 2095 1023 2174 eleyson.

228 2173 276 2232 Ut
289 2180 319 2232 te
332 2175 487 2233 laudantes
501 2176 623 2234 reboent
636 2177 818 2234 concorditer
831 2196 940 2248 omnes,
956 2177 1080 2251 eleyson.

228 2253 293 2312 Nee
305 2255 433 2328 genitus,
447 2275 502 2315 nee
515 2255 675 2333 ingenitus,
690 2264 725 2314 tu
740 2257 869 2334 Spiritus
882 2259 986 2328 almus,
1001 2258 1127 2334 eleyson

189 2386 190 2390 ,
230 2335 287 2392 Sed
299 2335 400 2394 Patris
413 2343 444 2394 et
457 2337 560 2396 (leniti
572 2357 664 2395 verax
678 2337 839 2414 Sapientis,
852 2340 947 2396 nostri
960 2339 1085 2414 eleyson.

229 2417 350 2493 Suscipe
363 2418 469 2476 devote
482 2419 650 2491 domantes,
667 2418 804 2493 Spiritus,
820 2420 858 2478 ad
871 2427 902 2478 te

229 2497 385 2574 Perpetuae
398 2518 510 2574 sponsae
524 2499 637 2557 soboles
651 2501 762 2558 tuearis
775 2501 814 2558 ab
827 2501 920 2572 hoste,

229 2575 310 2636 Nem
323 2585 358 2636 tu
373 2580 455 2637 Deus
467 2600 545 2638 unus
558 2580 689 2638 amande.
863 2575 866 2581 ’

636 2781 780 2840 XXVII.

576 2896 647 2955 Lux
666 2913 708 2954 nr·
724 2913 826 2956 ormo.

228 3011 298 3069 Lux
312 3017 342 3069 et
355 3010 437 3088 origo
450 3011 532 3082 lueis,
546 3031 659 3069 summe
674 3012 766 3083 Dens,
782 3010 907 3088 eleyson.
927 3046 929 3051 >

228 3093 267 3150 In
281 3093 366 3168 eujus
379 3098 456 3149 nutu
470 3098 606 3151 constent
619 3100 733 3165 cuneta,
749 3092 876 3156 clemens
889 3092 1014 3168 eleyson.

231 3173 291 3243 Qui
304 3173 384 3231 solus
396 3180 480 3249 potes
493 3174 634 3244 misereri,
648 3174 734 3231 nobis
747 3173 873 3249 eleyson.

230 3253 256 3312 Ο
271 3254 376 3312 mundi
389 3254 565 3331 redemptor,
580 3260 755 3312 cunctorum
768 3260 799 3312 et
812 3254 914 3326 factor,
928 3255 1032 3325 nostri,
1044 3253 1167 3322 Christe,
1178 3251 1303 3329 eleyson.

230 3334 289 3392 Per
301 3354 417 3392 erucem
431 3335 589 3411 redemptis
602 3355 621 3392 a
633 3341 729 3402 morte
742 3335 873 3411 perenm,
888 3355 942 3393 rex
954 3336 1003 3412 pie
1017 3335 1144 3406 Christe,
1159 3335 1284 3408 eleyson.

231 3415 291 3485 Qui
303 3435 334 3473 es
348 3417 472 3474 verbum
486 3416 594 3488 Petris,
606 3415 685 3474 salus
698 3421 729 3473 et
742 3416 879 3485 humana,
890 3415 945 3472 lux
957 3435 1029 3473 vera
1042 3415 1167 3487 Christe,
1179 3415 1304 3490 eleyson.

229 3496 369 3572 Adonoy,
385 3497 513 3554 Domine
526 3498 617 3568 Deus,
627 3497 710 3573 juste
719 3497 823 3573 judex,
839 3497 963 3573 eleyson.

231 3577 291 3647 Qui
304 3577 471 3636 machinam
484 3578 629 3655 gubernas
642 3597 751 3650 rerum,
765 3577 841 3635 alme
856 3578 954 3650 Pater,
969 3578 1094 3653 eleyson.

231 3658 327 3728 Quem
339 3658 437 3724 solum¹
448 3659 513 3718 leus
526 3665 557 3719 et
570 3660 664 3717 honor
677 3658 761 3718 decet
773 3679 854 3717 nune
867 3664 898 3716 et
910 3678 1033 3736 semper,
1048 3657 1173 3734 eleyson.

624 3871 789 3930 XXVIII.

531 3982 648 4054 Krnrn,
671 3983 813 4041 Gmuron
835 3983 889 4062 (2).

229 4092 334 4169 Kyrie,
350 4093 475 4169 genitor,
490 4113 544 4152 rex
556 4115 660 4173 regum
673 4115 783 4172 perpes,
799 4097 924 4172 eleyson.

229 4173 408 4251 Splendiferi
420 4175 548 4234 rutilans
560 4175 615 4234 lux
628 4177 707 4250 solis,
722 4177 808 4235 nobis
821 4178 946 4253 eleyson.

230 4253 374 4313 Conditor
386 4257 499 4328 mundi,
513 4276 568 4315 nos
580 4263 701 4334 protege
714 4278 838 4336 semper,
853 4259 977 4335 eleyson.

231 4335 357 4410 Christe,
371 4337 476 4414 sophis
488 4338 643 4416 imagoque
657 4338 765 4413 Petris,
779 4340 906 4417 eleyson.

382 4447 396 4474 ⁸
413 4448 458 4495 See
468 4447 515 4498 No.
526 4449 558 4495 V.
822 4452 912 4512 †i.e.,
928 4457 1020 4505 οὐσιῶν.
