2946 5002
138 343 199 405 190
461 337 549 404 Ordo
571 336 617 401 ud
632 336 797 421 fulcienda
819 335 1010 421 Sporualia.

134 513 217 563 tuam
239 506 347 562 habeat
369 505 615 577 emendationem,
631 509 662 561 et
681 503 741 560 illis
763 503 901 560 omnibus
925 504 976 578 qui
999 503 1032 559 in
1054 509 1085 559 te
1104 501 1269 572 confidunt,
1284 519 1338 578 pro

135 595 188 644 tua
201 606 309 663 magna
322 585 435 662 pietate
449 605 592 642 succurre.
636 584 697 654 Qui
710 584 789 641 vivis
803 589 834 641 et
847 603 952 660 regnas
966 603 1034 641 cum
1048 583 1114 642 Dco
1128 582 1230 640 Patre.

196 679 392 836 giribeipidtens
412 759 590 835 sempiterne
611 758 702 828 Deus,
717 758 885 834 redemptor
898 757 1065 814 animarum
1080 756 1294 814 salvandarum
1307 763 1338 814 et

134 840 263 917 pretium
277 840 488 916 redemptionis
502 840 595 897 totius
608 839 723 915 generis
737 839 879 910 humani;
899 839 1038 896 miserere
1052 838 1215 895 clementer
1229 838 1337 895 animae

135 921 240 978 famuli
253 923 300 978 tui
313 921 351 978 N.
359 943 371 990 ;
393 926 424 979 et
439 920 582 997 quicquid
596 921 747 991 vitiorum,
762 919 884 977 fallente
904 919 1020 976 diabolo
1041 924 1072 976 et
1091 919 1213 995 propria
1229 917 1338 994 iniqui-

135 1009 206 1073 tate,
232 1002 391 1074 contraxit,
418 1007 454 1058 tu
475 1003 543 1078 pius
564 1007 595 1058 et
616 1001 781 1058 misericors
808 1000 912 1058 abluas
938 1000 1139 1076 indulgendo;
1169 1005 1200 1057 et
1224 1004 1337 1057 terram

135 1103 224 1158 quam
238 1084 380 1159 sanguine
400 1082 519 1158 proprio
533 1082 683 1153 dedicasti,
699 1082 736 1139 dc
748 1081 886 1138 manibus
906 1081 1096 1138 inimicorum
1116 1100 1169 1157 per
1188 1079 1337 1138 virtutem

135 1169 243 1221 sanctae
257 1164 352 1220 crucis
368 1163 485 1238 eripias,
500 1168 572 1219 vota
591 1163 720 1219 filiorum
740 1162 835 1219 Israel
854 1162 893 1219 ad
913 1163 977 1238 ejus
997 1161 1203 1219 liberationem
1224 1161 1337 1218 instan-

133 1245 212 1301 tium
235 1245 268 1302 in
290 1244 371 1301 viam
393 1244 499 1300 salutis
520 1251 639 1301 aeternae
661 1243 891 1300 misericorditer
911 1242 1073 1319 dirigendo.
1122 1242 1182 1312 Qui
1204 1241 1284 1299 vivis
1306 1248 1336 1300 ct

136 1344 250 1402 regnas.

197 1417 441 1474 Pcstcornniunio.

195 1497 286 1568 Deus,
302 1499 385 1573 cujus
406 1497 613 1554 misericordiae
633 1516 694 1554 non
714 1503 759 1554 est
780 1516 931 1569 numerus,
946 1497 995 1554 cui
1013 1497 1069 1554 soli
1089 1497 1232 1573 competit
1245 1496 1335 1555 medi-

134 1579 232 1636 cinam
246 1584 385 1654 praestare
398 1583 465 1654 post
478 1584 613 1648 mortem,
629 1577 681 1653 qui
695 1597 725 1635 es
739 1578 804 1635 vita
817 1579 993 1650 viventium,
1008 1597 1073 1653 spes
1087 1578 1289 1650 morientium,
1304 1583 1335 1635 et

134 1659 213 1716 salus
227 1659 362 1716 omnium
375 1659 408 1715 in
421 1665 452 1716 te
466 1659 657 1735 sperantium,
674 1658 726 1734 qui
739 1664 850 1716 terram
863 1658 1038 1717 hereditatis
1058 1664 1118 1715 tuae
1139 1678 1193 1734 per
1213 1666 1332 1735 peccata

134 1740 264 1796 filiorum
277 1740 358 1798 Esau
371 1740 517 1816 pollutam
530 1739 658 1815 pretioso
672 1739 814 1816 sanguine
827 1746 881 1796 tuo
891 1759 1059 1797 consecrare
1073 1739 1214 1816 dignatus
1229 1759 1278 1812 es;
1299 1745 1334 1797 tu

134 1820 264 1878 animam
277 1821 383 1878 famuli
396 1820 443 1878 tui
456 1820 492 1878 N
490 1865 496 1878 .
509 1841 561 1897 per
573 1820 663 1896 hujus
676 1821 821 1878 virtutem
834 1821 1011 1878 sacramenti
1024 1839 1043 1876 a
1055 1821 1184 1897 peccatis
1198 1821 1335 1878 omnibus

135 1921 235 1975 exuas,
250 1909 280 1959 et
294 1922 313 1959 a
325 1902 418 1978 paenis
431 1922 504 1978 quas
518 1921 572 1978 pro
586 1902 633 1958 his
651 1907 782 1958 meretur
802 1901 927 1977 eripias;
947 1907 978 1959 ct
991 1901 1135 1977 populum
1148 1901 1335 1959 incredulum

134 2002 168 2040 ac
181 1982 320 2041 rebellem
333 2003 387 2059 per
399 1983 526 2058 gratiam
539 1988 623 2039 tuam
636 1982 726 2039 facias
741 1982 934 2058 peculiarem3
954 1983 1073 2058 illisque
1087 1983 1224 2040 omnibus
1238 1983 1335 2058 quiin

134 2070 189 2120 tua
208 2064 319 2140 pietate
340 2069 371 2121 et
390 2063 591 2121 misericordia
611 2063 773 2134 confidunt,
788 2082 910 2120 manum
931 2063 1038 2120 auxilii
1058 2063 1106 2120 tui
1126 2062 1258 2139 piissime
1279 2063 1334 2120 lar·

133 2145 230 2221 giaris.
275 2145 334 2215 uui
348 2145 425 2202 vivis
439 2150 469 2202 et
482 2163 587 2222 regnas
600 2163 668 2201 cum
682 2143 747 2201 Deo
765 2143 863 2201 Patre.

474 2370 563 2428 Orno
583 2386 625 2426 an
647 2386 802 2427 sacrarum
824 2369 1003 2427 Srousanm.

196 2501 380 2562 Statuantur
393 2502 439 2558 cir
453 2510 479 2558 et
491 2500 598 2558 mulier
611 2509 677 2557 ante
698 2499 805 2558 ostium
826 2499 945 2558 ccclesiae
960 2519 1056 2558 cuceri
1070 2499 1131 2558 Deo
1145 2509 1172 2557 et
1185 2500 1336 2560 Sacerdote

136 2593 162 2641 et
170 2583 290 2658 populo,
301 2583 348 2640 cir
360 2603 379 2640 a
390 2582 500 2640 deutris
512 2582 645 2639 mulieris
657 2589 684 2639 et
696 2582 803 2639 mulier
816 2602 836 2639 a
848 2581 978 2639 sinistris
991 2581 1056 2638 ciri.
1101 2582 1186 2640 Tunc
1198 2581 1337 2640 Sacerdos

135 2665 289 2738 interropet
309 2664 415 2736 banna,
438 2671 464 2720 et
481 2672 582 2738 postea
601 2663 698 2720 dicat:
726 2662 884 2719 Admoneo
905 2681 959 2718 vos
980 2681 1091 2733 omnes,
1106 2667 1142 2719 ut
1163 2663 1190 2720 si
1212 2663 1280 2738 quis
1300 2683 1337 2721 ex

136 2745 220 2801 vobis
249 2751 294 2802 est
320 2744 373 2821 qui
399 2744 490 2814 aliud,
513 2754 539 2801 et
562 2753 661 2814 cetera,
686 2752 721 2799 ut
744 2743 779 2800 in
803 2743 862 2800 clio
887 2742 966 2801 libra
1017 2742 1129 2800 Finitis
1156 2745 1338 2802 arationibus

131 2825 290 2899 praedictis,
305 2824 535 2898 introductisque
559 2823 620 2881 illis
642 2823 719 2881 inter
745 2824 854 2881 cierunt
880 2832 907 2880 ct
930 2823 1033 2881 Altare
1057 2844 1090 2881 ea
1109 2833 1195 2898 parte
1219 2825 1337 2883 ecclcu'a

136 2904 271 2975 australi,
286 2914 312 2962 et
327 2913 438 2962 statuta
451 2904 572 2962 muliere
584 2905 625 2960 cd
639 2905 785 2962 deaurata
798 2905 864 2977 ciri,
874 2904 1040 2980 incipiatur
1052 2904 1148 2962 Missa
1161 2905 1338 2964 sollemniter

136 2987 171 3043 de
185 2984 341 3043 Trinitate.

201 3077 341 3152 Officium.

197 3159 358 3216 Benedicta
377 3159 417 3216 sit
435 3159 545 3216 Sancta
565 3157 697 3215 Trinitas
717 3164 807 3234 atque
827 3157 958 3216 indivisa
979 3158 1107 3217 Unitas:
1129 3160 1338 3218 confitebimur

136 3240 171 3313 ei,
187 3240 260 3317 quia
273 3240 344 3298 fecit
358 3240 513 3297 nobiscum
526 3239 757 3297 misericordiam
771 3259 862 3298 suam.

197 3333 410 3472 gidddiucdmus
424 3413 546 3470 Patrem
560 3418 591 3471 et
604 3412 716 3471 Filium
730 3433 797 3471 cum
812 3414 920 3471 Sancto
935 3412 1057 3490 Spiritu.

196 3495 300 3554 Gloria
311 3495 344 3552 in
358 3493 480 3551 excelsis
494 3494 567 3551 Deo.

200 3588 311 3647 Oratio.

198 3669 395 3744 Omnipotens
409 3667 587 3743 sempiterne
609 3666 699 3738 Deus,
714 3669 767 3743 qui
780 3668 888 3726 dedisti
902 3668 1020 3725 famulis
1034 3670 1095 3726 tuis
1108 3669 1141 3725 in
1155 3669 1336 3728 confessione

137 3770 213 3807 verae
228 3750 298 3806 fidei
312 3754 428 3806 aeternae
443 3747 599 3805 Trinitatis
612 3748 738 3824 gloriam
756 3768 921 3825 agnoscere,
937 3750 1010 3806 etin
1027 3750 1160 3826 potentia
1173 3751 1336 3827 majestatis

137 3831 258 3889 adorare
280 3829 438 3888 Unitatem
448 3849 456 3901 ;
477 3848 654 3904 quaesumus,
671 3835 706 3885 ut
727 3830 858 3905 ejusdcm
878 3830 948 3888 fidei
969 3829 1121 3902 firmitate,
1139 3832 1177 3889 ab
1199 3833 1336 3890 omnibus

138 3931 255 3988 semper
267 3912 439 3968 muniamur
452 3909 591 3967 adversis.

200 4003 271 4062 Alia
286 4004 389 4063 Oratio
403 4004 455 4062 aab
469 4005 564 4061 codem
578 4003 762 4061 conclusione.

199 4085 320 4142 Exaudi
339 4104 402 4156 nos
418 4085 604 4160 omnipotens
624 4095 654 4140 et
674 4083 838 4140 misericors
859 4083 941 4142 Deus
950 4106 960 4159 3
979 4092 1015 4143 ut
1028 4086 1107 4162 quod
1120 4093 1224 4146 nostro
1237 4087 1336 4146 minis

138 4172 237 4224 tratur
250 4166 355 4239 offici0,
370 4172 424 4223 tua
437 4165 639 4223 benedictione
653 4166 751 4240 potius
764 4164 930 4241 impleatur.
974 4166 1033 4224 Per
1047 4166 1219 4226 Dominum

199 4260 249 4318 Ad
264 4259 433 4319 Ocrintdics
445 4258 482 4332 (l
499 4279 524 4316 a.
544 4257 658 4335 15-20).

199 4342 337 4398 Fratres:
365 4339 496 4396 Nescitis
520 4339 660 4415 quoniam
683 4358 804 4415 corpora
826 4345 927 4398 vestra
953 4339 1086 4399 membra
1109 4348 1180 4402 sunt
1204 4343 1336 4404 Christil

86 4457 91 4465 -
138 4441 228 4498 aesque
241 4423 283 4479 ad
295 4421 457 4498 glorificate
471 4427 501 4477 et
514 4426 631 4497 portate
645 4420 744 4478 Deum
757 4421 789 4478 in
802 4440 923 4499 corpore
936 4428 1041 4480 vestro.
