2946 5002
539 362 647 430 Micca
664 385 730 448 pru
752 363 937 450 Defunclia
1278 366 1342 428 183

145 529 275 588 fidelibus
289 529 366 590 vivis
380 550 413 588 ac
427 530 574 589 defunctis
588 531 621 588 in
634 537 715 589 terra
728 531 896 588 virentium
909 529 1003 587 vitam
1013 535 1045 587 et
1057 530 1189 606 requiem
1199 534 1341 587 aeternam

144 611 271 669 concede
315 611 375 668 Per
388 612 521 670 eundem.

199 691 322 750 Secreto.

199 771 291 844 Deus,
302 770 356 849 qni
365 791 417 850 per
426 771 605 850 singularem
615 772 697 830 unici
707 771 778 829 Filii
787 771 834 829 tui
848 771 976 849 corporis
986 771 1114 830 hostiam
1127 770 1222 829 totius
1235 769 1340 829 mundi

142 852 254 911 solvisti
275 853 383 911 delicta
392 873 402 926 ;
422 853 478 911 bac
498 852 646 911 oblatione
666 854 758 910 beata
772 853 904 929 ejusdem
921 852 980 910 Dei
999 852 1155 930 genetricis
1169 871 1341 928 semperque

142 933 264 1011 virginis
287 933 392 992 Mariae
416 934 608 1010 omniumque
629 940 798 991 sanctorum
818 933 1027 990 intercessione
1049 933 1191 1009 placatus,
1211 933 1341 990 maculas

140 1016 282 1073 scelerum
302 1021 472 1072 nostrorum
492 1016 635 1090 absterge,
658 1022 690 1071 00
714 1014 847 1071 omnium
871 1014 1109 1071 Christianorum
1132 1013 1261 1070 fidelium
1286 1032 1339 1071 000

140 1095 332 1153 familiarium
342 1101 511 1153 nostrorum
521 1096 657 1152 vivorum
670 1101 759 1171 atque
771 1101 956 1152 mortuorum
969 1100 1087 1171 peccata
1100 1094 1228 1165 dimitte,
1239 1093 1340 1170 eisque

140 1175 261 1252 praemia
277 1182 388 1233 aeterna
401 1176 534 1234 concede.
577 1176 636 1233 Per
650 1176 783 1233 eundem.

199 1269 442 1327 Poatcommunio.

200 1349 327 1426 Sumpta
353 1356 544 1421 sacramenta,
574 1367 749 1425 quaesumus,
773 1348 911 1419 Domine,
935 1347 1063 1406 calestia
1089 1348 1188 1405 omnia
1215 1346 1340 1404 crimina

137 1436 239 1488 nostra
249 1431 405 1508 detergant
411 1450 421 1504 3
433 1449 609 1505 omnemque
622 1431 802 1506 pravitatem
813 1436 844 1487 et
857 1429 1064 1487 infirmitatem
1077 1448 1129 1486 seu
1143 1429 1236 1486 etiam
1249 1427 1340 1485 hosti·

139 1512 198 1569 lem
220 1511 476 1588 impugnationem
499 1510 647 1569 visibilem
671 1515 701 1568 et
724 1510 914 1581 invisibilem,
936 1516 1027 1586 atque
1050 1511 1180 1568 subitam
1203 1515 1338 1578 mortem,

139 1592 254 1650 meritis
267 1593 361 1650 beatae
375 1592 433 1650 Dei
447 1592 603 1669 genetricis
617 1611 788 1667 semperque
802 1591 926 1666 virginis
940 1589 1046 1649 Mariae
1060 1598 1091 1649 et
1104 1591 1238 1648 omnium
1258 1609 1338 1647 sanc·

138 1681 249 1746 torum,
270 1692 289 1730 a
308 1673 394 1731 uobis
413 1672 517 1749 procul
536 1672 700 1749 repellant,
724 1679 755 1728 00
775 1672 913 1729 omnibus
933 1671 1068 1728 fidelibus
1090 1670 1266 1728 Christianis
1286 1689 1338 1727 000

137 1755 229 1811 ctiam
243 1755 357 1811 0000010
371 1753 567 1812 familiaribus
587 1753 697 1810 nostris
715 1753 793 1809 vivis
809 1772 843 1809 ac
862 1751 1008 1810 defunctis
1028 1752 1143 1828 prosint
1156 1752 1194 1809 ad
1208 1752 1336 1822 veniam,

139 1853 192 1910 pro
205 1853 332 1911 quorum
346 1853 530 1911 quarumque
543 1834 600 1891 tibi
618 1838 690 1890 sunt
703 1833 803 1890 oblata
816 1832 920 1890 001000.
962 1832 1022 1890 Per
1033 1832 1161 1890 eundem
1174 1832 1338 1890 Dominum

139 1921 275 1974 nostrum
288 1915 401 1973 Jeaum.
446 1915 506 1984 Qui
515 1920 614 1972 tecum
629 1914 706 1970 vivit
720 1920 750 1971 et
764 1919 875 1990 regnat.

542 2144 643 2202 M1ssa
664 2160 722 2201 rao
749 2143 937 2200 Duruncrrs.

201 2224 342 2300 Officium.

199 2305 347 2382 Requiem
360 2311 502 2363 aeternam
516 2305 593 2363 dona
607 2306 658 2378 eis,
674 2305 802 2362 Domine
815 2326 821 2361 :
850 2308 880 2362 et
893 2303 948 2360 lux
961 2307 1102 2380 perpetua
1116 2294 1213 2360 luceat
1226 2302 1276 2359 eis.

200 2386 356 2526 ggalgpggt
387 2467 525 2543 hymnuS,
557 2467 648 2538 Deus,
674 2467 706 2522 in
738 2466 830 2524 Sion:
865 2471 896 2522 00
924 2464 980 2521 tibi
1007 2463 1149 2521 reddetur
1176 2469 1280 2520 votum
1308 2463 1340 2520 in

140 2547 329 2607 Hierusalem
343 2569 349 2606 :
370 2548 480 2606 exaudi
493 2549 656 2606 orationem
669 2566 765 2604 meam
781 2567 787 2604 :
822 2546 860 2603 ad
873 2552 904 2602 te
918 2545 1013 2602 omnia
1027 2564 1093 2602 caro
1107 2544 1216 2603 veniet.

202 2629 310 2688 Oratio.

200 2710 325 2783 Inclina,
341 2709 479 2782 Domine,
494 2729 596 2767 aurem
606 2714 690 2767 tuam
699 2709 736 2766 ad
745 2727 844 2785 preces
855 2712 978 2778 nostrae,
990 2705 1097 2782 quibus
1105 2704 1336 2763 misericordiam

141 2800 225 2849 tuam
238 2792 383 2867 supplices
403 2792 602 2867 deprecamur,
618 2796 653 2847 00
667 2789 796 2847 animam
809 2788 915 2846 famuli
935 2789 991 2858 tui,
1005 2806 1094 2865 quam
1108 2787 1144 2845 de
1165 2787 1220 2844 hoc
1234 2787 1340 2845 saeculo

140 2872 265 2948 migrare
280 2871 404 2948 jussisti,
432 2872 465 2928 in
492 2871 571 2949 pacis
597 2892 631 2928 ac
658 2871 732 2928 lucis
759 2871 878 2946 regione
905 2868 1077 2941 constituas,
1107 2874 1138 2926 et
1165 2874 1336 2926 sanctorum

140 2960 260 3010 tuorum
299 2953 404 3029 jubeas
438 2971 500 3010 esse
534 2959 706 3010 consortem.
777 2951 835 3009 Per
862 2949 1026 3008 Dominum
1060 2955 1196 3007 nostrum
1229 2949 1336 3007 Jcsum

142 3034 292 3091 Christum
307 3033 418 3090 Filium
431 3040 523 3091 tuam.

199 3114 260 3171 Pro
274 3134 388 3190 corpore
396 3116 537 3189 prasenti
550 3114 662 3172 (1101000
674 3114 733 3170 ista
746 3113 872 3190 epistola.

200 3195 295 3254 Lectio
309 3195 378 3253 libri
391 3195 625 3254 Mccbabaeornm
638 3195 676 3270 (2
690 3195 741 3251 011.
759 3195 874 3269 43-45).

199 3275 240 3333 Ιο
260 3276 362 3334 diebus
381 3275 450 3348 illis,
473 3276 532 3333 Vir
559 3275 737 3332 fortissimus
763 3273 867 3342 Judas,
889 3271 1044 3330 collatione
1071 3271 1150 3329 facta
1179 3289 1271 3346 usqua
1298 3270 1339 3328 ad

141 3376 192 3433 pro
208 3356 355 3414 defunctis
368 3376 499 3430 exorare,
513 3362 549 3413 ut
562 3377 580 3413 a
593 3356 718 3432 peccatis
732 3355 893 3412 solvantur.

199 3436 344 3594 {reqadridem
359 3524 499 3576 aeternam
513 3518 590 3576 dona
604 3518 654 3589 010,
670 3516 799 3574 Domine
816 3536 823 3573 z
843 3521 873 3572 et
886 3513 941 3572 lux
954 3520 1097 3592 perpetua
1110 3512 1208 3569 luceat
1223 3510 1274 3568 010.

114 3639 119 3645 ·
147 3599 174 3657 V.
195 3600 337 3737 lilybsolve,
354 3599 491 3672 Domine,
506 3599 620 3656 animas
634 3618 736 3656 eorum
748 3599 787 3655 ab
805 3597 888 3655 omni
901 3596 1021 3654 vinculo
1035 3595 1218 3653 delictorum.

139 3754 142 3763 ’
200 3688 415 3836 Dbapiibgfnndis
428 3761 553 3818 clamavi
567 3761 604 3819 ad
618 3767 658 3834 te,
671 3759 817 3818 Domine:
839 3758 977 3830 Domine,
994 3754 1103 3814 exaudi
1117 3772 1218 3811 vocem
1231 3771 1336 3810 meam.

148 3840 175 3899 V.
198 3840 289 3898 Fiant
302 3861 387 3899 aures
401 3847 460 3898 tuae
474 3842 679 3900 intendentes:
700 3841 733 3897 in
746 3840 909 3898 orationem
923 3837 1001 3897 servi
1015 3836 1069 3893 tui.

147 3921 175 3978 1⁷.
199 3921 232 3980 si
245 3922 419 3998 iniquitates
432 3923 640 3994 observaveris,
656 3922 785 3979 Domine
797 3942 803 3978 :
823 3921 961 3991 Domine,
976 3918 1043 3994 quis
1057 3913 1216 3973 sustinebit
1229 3914 1240 3971 l

142 4003 175 4139 Β
199 4002 276 4096 Quia
297 4003 376 4078 apud
395 4009 426 4061 te
446 4002 618 4080 propitiatio
639 4008 701 4060 eat:
737 4008 769 4059 et
788 4007 908 4078 propter
928 4000 1022 4077 legem
1042 4002 1126 4055 tuam
1147 3993 1277 4052 sustinui
1297 3999 1336 4065 te,

172 4103 389 4240 Off·corpow
398 4162 537 4239 praesenti
550 4163 669 4220 dicatur
681 4164 762 4220 iatnd
775 4161 962 4237 evoapelium.

200 4245 368 4304 Secundum
382 4243 547 4305 Jobonnem
563 4245 582 4319 (
581 4243 621 4300 01.
638 4243 753 4319 21-27).

200 4326 239 4382 In
258 4326 312 4383 illo
331 4331 473 4401 tempore,
495 4323 585 4381 Dixit
605 4322 726 4380 Martha
746 4324 784 4381 ad
804 4323 909 4381 Jesum
920 4340 930 4393 ;
953 4317 1093 4390 Domine,
1111 4316 1136 4375 si
1157 4316 1261 4374 fuisses
1281 4315 1339 4387 hic,

140 4406 231 4464 frater
245 4425 327 4464 meus
341 4425 401 4462 non
414 4405 519 4462 fuisset
532 4408 667 4460 mortuus
678 4424 768 4480 usque
781 4405 822 4461 ad
835 4409 869 4460 00
883 4421 914 4460 00
932 4399 1069 4460 Christus
1083 4397 1179 4458 Filius
1193 4397 1253 4455 Dei
1268 4397 1341 4465 vivi,

141 4487 192 4563 qui
204 4487 237 4544 in
250 4487 330 4544 bunc
343 4486 489 4543 mundum
502 4483 619 4542 venisti
