2946 5002
344 354 393 432 Ic
407 366 446 430 N
443 366 532 432 ctclt‘
546 367 656 433 coms
672 367 874 455 Ooofeasocub
887 375 917 434 et
930 369 1116 456 Pontificia
1271 374 1332 436 151

195 531 344 608 Alleluya
394 533 424 595 V.
447 534 618 612 Fulgebunt
627 536 720 612 justi:
742 541 773 594 ct
792 541 936 613 tanquam
949 536 1087 596 scintillae
1102 538 1136 596 in
1148 538 1334 610 arundineto,
1386 544 1389 551 '

134 611 304 672 discurrent
317 615 349 671 in
364 619 516 674 aeternum.
788 640 789 644 ¹

195 693 359 770 Sequentia.
403 696 501 754 Adest
513 697 606 756 nobis.

193 775 231 834 Si
244 774 328 851 infra
342 776 597 852 Septcaqecimcm.

199 855 329 914 Tractus.

194 937 308 994 Beatus
321 937 377 1010 vir,
391 937 444 1015 qui
456 937 545 996 timet
558 938 741 998 Dominum:
762 939 796 996 in
809 939 957 998 mandatis
971 941 1035 1017 ejus
1048 940 1130 1018 cupit
1144 941 1242 1003 nimis.

138 1017 168 1078 V.
196 1017 308 1076 Potens
321 1019 355 1076 in
368 1025 448 1076 terra
461 1019 518 1076 erit
532 1038 630 1076 semen
644 1021 725 1099 eJ'us:
745 1021 894 1096 generatio
908 1029 1054 1079 rectorum
1069 1023 1268 1083 benedicetur.

139 1098 169 1159 V.
194 1097 297 1239 GllLoria
321 1106 351 1157 et
372 1100 485 1157 divitiae
507 1101 540 1158 in
553 1100 639 1158 domo
661 1101 723 1177 ejus
732 1121 742 1174 3
764 1107 794 1159 et
802 1102 923 1178 justitia
941 1104 1004 1179 ejus
1021 1111 1122 1162 manet
1142 1104 1175 1162 in
1195 1103 1335 1162 saeculum

137 1198 212 1239 saecu

194 1259 363 1319 Secrmdm
375 1261 550 1319 Mottdoeum
563 1261 643 1339 (xxc.
663 1260 776 1339 14-23).

195 1341 236 1398 In
249 1342 301 1399 illc
313 1348 454 1418 tempore,
471 1343 559 1399 Dixit
578 1343 667 1401 Jesus
684 1342 835 1419 discipulis
855 1342 916 1402 suis
936 1345 1105 1421 parabolam
1118 1345 1212 1418 hanc;
1233 1345 1334 1402 Homo

136 1421 257 1500 quidam
273 1442 392 1499 peregre
405 1423 589 1499 proficiscens
602 1444 692 1499 usque
705 1425 746 1481 cd
759 1443 848 1501 supra
867 1425 963 1484 multa
975 1432 1006 1485 te
1020 1427 1206 1485 constituam.
1248 1426 1336 1483 Intra

136 1503 167 1562 in
180 1503 323 1580 gaudium
337 1504 460 1561 Domini
470 1505 524 1562 tui.

196 1582 365 1642 Secundum
377 1585 492 1642 ducosm
504 1584 580 1661 (cicc.
599 1584 713 1662 12-28).

195 1664 235 1722 In
249 1664 301 1722 illo
317 1671 457 1742 tempore,
473 1665 562 1722 Dixit
585 1666 606 1724 J
607 1686 673 1724 esus
695 1666 848 1743 discipulis
869 1667 951 1739 suis;
972 1667 1073 1726 Homo
1088 1667 1210 1746 quidam
1226 1667 1335 1727 nobilis

137 1745 259 1804 obiitin
270 1746 420 1822 regionem
433 1767 524 1821 oeque
537 1747 579 1804 ad
590 1747 779 1806 ascendentes
793 1748 990 1806 Hierusalem.

194 1825 363 1893 Secundum
376 1827 552 1885 Macctaeom
565 1829 609 1904 (cc.
626 1829 721 1905 5-10).

195 1906 237 1964 In
256 1907 309 1964 illo
330 1915 470 1984 tempore,
494 1908 581 1965 Misit
602 1909 691 1967 Jesus
713 1911 868 1969 duodecim
894 1910 1052 1987 discipulos
1080 1929 1148 1969 suos
1175 1929 1266 1986 osque
1293 1910 1335 1968 od

138 1987 244 2064 dignus
258 1995 303 2046 est
315 1989 396 2045 enim
409 1991 559 2065 operarius
573 1990 639 2047 cibo
652 2010 712 2051 suo,

195 2067 284 2126 Istud
310 2069 511 2144 decapolim.
554 2071 619 2129 Vos
646 2071 716 2130 estis
742 2072 786 2130 sal
815 2078 901 2130 terrae
929 2071 1042 2147 deputor
1067 2092 1159 2147 osque
1182 2072 1216 2128 in
1243 2091 1334 2149 regno

138 2149 283 2208 caelorum.

141 2239 143 2243 ’
194 2228 363 2288 Secundum
376 2231 551 2289 Mattlraeum
564 2230 606 2307 (v.
624 2231 740 2310 13-19)
819 2293 823 2301 ,

196 2311 236 2368 In
258 2312 311 2369 illo
331 2317 469 2388 tempore,
490 2313 580 2369 Dixit
602 2314 690 2372 Jesus
714 2314 865 2391 discipulis
889 2314 949 2372 suis
960 2333 969 2387 3
996 2314 1060 2372 Vos
1081 2313 1153 2370 estis
1179 2312 1222 2372 sal
1248 2320 1335 2372 terrae

136 2411 226 2468 oeque
240 2392 282 2450 ad
293 2392 470 2450 hominibus.
513 2394 637 2452 Divisio.
680 2394 745 2453 Vos
765 2396 836 2454 estis
849 2396 904 2453 lux
917 2395 1022 2452 mundi
1035 2415 1125 2470 osque
1138 2394 1181 2452 od
1198 2394 1231 2453 in
1244 2414 1335 2471 regno

139 2473 284 2532 caelorum.

196 2552 285 2612 Ismd
306 2555 501 2630 Ecocpcb'um
517 2557 690 2631 praecedens,
706 2557 819 2629 scilicet,
841 2556 906 2614 Vos
929 2555 1000 2615 estis
1021 2553 1201 2636 lumeundi
1222 2555 1335 2632 deputem

138 2655 228 2712 osque
242 2636 275 2693 in
288 2636 367 2693 caelis
381 2643 434 2693 est.

196 2715 287 2775 Istud
308 2717 502 2792 scalpellum
527 2736 647 2792 aequem
667 2717 906 2790 Nolitetimere,
921 2718 1049 2795 pusillus
1072 2737 1146 2795 grex
1169 2715 1276 2792 lapiton·
1299 2717 1334 2776 tc

137 2796 221 2856 Festo
244 2817 344 2856 nocem
364 2799 535 2856 Lectionum
555 2819 645 2874 osque
666 2799 725 2857 Cor
743 2807 877 2857 vestrum
901 2800 967 2871 erit,
982 2800 1017 2857 io
1040 2799 1126 2856 Festo
1149 2798 1243 2856 udum
1266 2798 1334 2857 dec-

140 2878 252 2937 tioowm
265 2899 356 2953 usque
369 2880 410 2936 cd
424 2880 586 2937 constituet
599 2900 676 2939 eum.

196 2959 366 3019 Secundum
379 2960 491 3018 lateam
504 2961 572 3036 (ccii.
591 2961 707 3036 32-44).

195 3040 235 3098 In
248 3040 302 3097 illo
314 3047 455 3117 tempore,
470 3041 559 3098 Dixit
579 3041 667 3100 desua
688 3041 840 3119 discipulis
860 3042 921 3099 suis
930 3061 939 3113 3
959 3041 1064 3098 Nolite
1078 3040 1192 3112 timere,
1208 3039 1334 3116 pusillus

140 3140 210 3198 grex
223 3139 314 3196 usque
326 3121 368 3180 cd
386 3142 436 3180 cor
456 3129 587 3180 vestrum
607 3123 672 3181 erit.
715 3122 838 3181 Divisio.
880 3123 949 3180 Sint
962 3123 1057 3179 lumbi
1069 3141 1161 3196 osque
1174 3121 1216 3179 od
1228 3121 1333 3179 consti·

142 3207 206 3260 tuot
219 3221 295 3260 eum.

197 3281 365 3341 Secundum
374 3283 486 3341 Duum
500 3282 544 3358 (cc.
563 3282 677 3361 16-20).

197 3363 238 3421 ln
260 3364 312 3421 illo
333 3370 474 3441 tempore,
499 3365 588 3423 Dixit
610 3365 698 3423 Jesus
721 3363 873 3441 discipulis
896 3364 957 3422 suis
967 3383 978 3437 ;
1007 3362 1068 3434 Qui
1093 3381 1146 3421 vos
1168 3361 1262 3436 audit,
1285 3382 1356 3425 me,

144 3443 224 3502 audit
237 3463 327 3520 usquc
341 3447 382 3502 od
395 3447 427 3502 in
440 3446 525 3504 caelis,

198 3524 367 3583 Secundwm
380 3526 555 3584 Mattltaeum
567 3526 659 3604 (caio.
676 3524 793 3603 42-47).

201 3605 239 3663 In
260 3605 313 3663 illc
332 3612 472 3684 tempore,
488 3607 575 3664 Dixit
593 3606 681 3665 Jesus
699 3607 849 3683 discipulis
869 3606 948 3678 suis3
968 3605 1109 3682 Vigilate,
1129 3603 1198 3681 quia
1215 3603 1334 3662 nescitis

147 3703 199 3762 qua
211 3686 285 3744 hora
298 3707 388 3762 oeque
402 3689 442 3744 od
455 3689 593 3764 quoniam
606 3708 694 3764 super
707 3690 806 3745 omnia
819 3688 896 3746 bona
909 3707 961 3745 sua
974 3688 1134 3745 constituet
1147 3704 1223 3743 eum.

199 3766 369 3825 Secundum
380 3767 516 3826 Marcum
532 3770 614 3842 (xiii.
633 3768 752 3843 33-37).

202 3846 242 3904 In
255 3848 309 3906 illo
321 3855 462 3925 tempore,
472 3849 561 3906 Dixit
571 3850 593 3908 J
594 3869 659 3908 esus
667 3850 817 3927 discipulis
830 3849 891 3907 suis
902 3868 911 3922 3
928 3848 1048 3921 Videte,
1062 3846 1192 3923 vigilate,
1207 3850 1238 3904 et
1251 3850 1333 3902 orate

147 3945 230 4004 usque
243 3930 285 3986 od
299 3929 384 3999 Quod
398 3936 498 3986 autem
512 3931 595 3987 vobis
606 3931 680 4001 dico,
695 3931 831 3988 omnibus
842 3930 915 4003 dico,
930 3929 1059 4006 vigilate.

201 4009 368 4068 Secundum
382 4010 494 4068 Lucam
507 4011 566 4084 (xi.
583 4009 698 4088 3336)

202 4091 241 4147 In
254 4091 307 4148 illo
320 4097 459 4167 tempore,
475 4091 563 4148 Dixit
576 4092 598 4150 J
599 4111 664 4149 esus
684 4091 835 4168 discipulis
848 4089 928 4164 suis3
950 4090 1047 4148 Nemo
1066 4088 1215 4146 lucernam
1235 4105 1333 4144 acoen-

150 4166 289 4246 (litusque
304 4173 344 4229 ad
358 4172 538 4229 illuminabit
550 4178 588 4229 te.

204 4251 396 4326 Offcrtocium.

202 4332 310 4390 Inveni
330 4333 429 4390 David
457 4352 575 4390 servum
602 4353 708 4408 meum,
730 4333 814 4392 etin
836 4332 901 4390 olco
928 4335 1028 4388 sancto
1051 4349 1117 4386 mco
1143 4328 1219 4386 unxi
1241 4348 1328 4388 eum:

150 4428 244 4471 manus
257 4414 337 4472 enim
351 4432 416 4471 mea
430 4414 624 4470 auxiliabitur
637 4415 672 4486 ei,
688 4421 718 4473 et
731 4413 885 4472 brachium
898 4430 996 4470 meum
1009 4410 1189 4469 confortabit
1201 4429 1275 4468 eum.

203 4491 242 4552 Io
255 4503 380 4572 tempore
392 4494 537 4566 Pectat,
551 4493 698 4571 Alleluya.
