2946 5002
208 389 316 456 Mieea
331 389 370 455 de
387 389 705 457 Coramemoratioue
719 391 947 476 apostolorum
960 389 1058 456 Petri
1072 397 1101 454 et
1115 389 1232 455 Pauli.
1280 393 1342 457 165

202 557 322 616 Secreta.

203 637 275 711 Tua,
291 638 428 709 Domine,
443 637 652 715 propitiatione
670 644 702 696 et
721 639 814 696 beatae
835 638 894 695 Dei
907 636 1065 715 genetricis
1083 657 1197 714 semper
1217 637 1342 714 virginis

143 718 247 775 Mariae
260 720 478 792 intercessione,
493 719 531 776 ad
544 725 718 795 perpetuam
741 726 832 796 atque
855 724 1030 795 praesentem
1050 718 1112 776 haec
1133 717 1244 775 oblatio
1257 718 1342 776 nobis

142 800 275 876 proficiat
287 800 511 876 prosperitatem
526 806 557 856 et
569 820 678 876 pacem
722 799 780 857 Per
793 800 926 858 eundem.
1094 796 1097 800 ’

202 879 384 938 Communia

199 961 300 1018 Beatae
313 962 426 1019 viscera
440 960 545 1018 Mariae
559 961 685 1036 virginis
699 981 764 1037 quae
778 966 972 1037 portaverunt
986 961 1090 1019 aeterni
1104 960 1203 1017 Patris
1217 960 1338 1022 Filium.

199 1043 441 1099 Poetcommuaio.
523 1091 529 1101 .

199 1122 340 1198 Sumptis,
357 1123 496 1195 Domine,
510 1123 614 1180 salutis
630 1127 738 1179 nostrae
757 1121 903 1192 subsidiis,
919 1122 965 1194 da,
981 1141 1158 1199 quaesumus,
1173 1123 1267 1181 beatae
1281 1121 1340 1180 Dei

139 1203 295 1279 genetricis
318 1223 489 1280 semperque
512 1203 639 1280 virginis
653 1202 759 1260 Mariae
779 1223 833 1260 nos
853 1204 1024 1279 patrociniis
1044 1202 1154 1279 ubique
1166 1203 1290 1280 protegi,
1306 1203 1338 1261 in

138 1285 222 1361 cujus
236 1284 426 1343 veneratione
439 1284 501 1341 haec
514 1289 575 1341 tuae
589 1283 752 1342 obtulimus
766 1284 922 1359 majestati.
966 1283 1025 1341 Per
1038 1283 1172 1342 eundem.

400 1474 440 1530 Iu
461 1473 752 1532 Oounnuoaamoua
771 1490 877 1532 sanem
898 1474 1074 1532 W1mausu.

198 1603 338 1678 Officium.
382 1604 496 1662 Statuit
509 1605 537 1661 ei
550 1604 707 1676 Dominus,
722 1625 788 1661 cum
802 1602 905 1661 Gloria
918 1605 951 1661 in
965 1605 1096 1664 excelsis

199 1684 308 1743 Oratio.
351 1684 442 1755 Deus,
457 1685 509 1760 qui
523 1704 583 1742 nos.

197 1766 312 1841 Epistol
331 1809 337 1822 .
380 1766 473 1823 Dedit
486 1766 634 1822 Dominus
647 1764 866 1823 confessionem.

199 1846 332 1904 Gradule.
376 1845 485 1904 Inveni
498 1846 604 1903 David.

197 1927 347 2002 Alleluya.
395 1927 425 1985 V.
453 1927 562 1985 Justus
584 1927 770 2004 germinabit.

197 2007 359 2082 Sequentia.
402 2007 550 2085 Sospitate
570 2009 693 2065 morbos.

196 2088 267 2146 Alia
289 2088 452 2164 Sequentia.
500 2090 578 2146 Voto
599 2109 678 2160 voce,
700 2088 869 2146 clteuiatim
882 2098 908 2145 et
935 2097 1034 2161 cetera,
1053 2098 1087 2146 ut
1106 2087 1190 2163 iufra
1213 2087 1336 2148 Octavus

140 2171 231 2228 arrecti
250 2169 384 2228 Willelmi
394 2192 407 2240 ,·
420 2170 610 2242 uel-Tractua,
626 2169 737 2226 Beatus
750 2169 804 2226 vir.

196 2250 398 2326 Eeaaqelium.
441 2251 528 2308 Misit
541 2251 563 2308 J
564 2270 629 2308 esus
643 2250 798 2308 duodecim
811 2249 977 2327 discipulos.

199 2331 389 2405 offertorium.
432 2331 559 2389 Veritas.

196 2412 316 2471 Secreta.
360 2412 496 2485 Munera,
516 2412 651 2468 Domine.

199 2492 380 2552 Ooramuuio.
424 2493 535 2552 Beatus
548 2513 656 2550 servus

196 2573 437 2632 Poetcomuauuio.
481 2574 633 2650 Supplices
646 2580 676 2631 te
690 2592 834 2649 rogamus.

287 2759 326 2815 Iu
348 2756 639 2815 Oouunuonamoun
659 2771 878 2815 aeosrononuu
896 2755 993 2814 Pnuu
1015 2773 1053 2814 nn
1074 2756 1183 2814 Pium.

198 2885 337 2961 Officium.
381 2886 459 2943 Mihi
472 2892 584 2957 autem,
598 2905 665 2943 cura
680 2885 784 2943 Gloria
796 2884 829 2942 in
843 2885 973 2946 excelsis.

198 2967 306 3026 Oratio.
350 2968 440 3039 Deus,
456 2968 540 3042 cujus
554 2967 682 3024 dextera

195 3048 335 3124 Epistola.
379 3047 425 3104 Hi
446 3054 517 3104 sunt
539 3048 597 3104 viri
618 3047 834 3117 misericordiae,
854 3048 967 3121 require
983 3047 1017 3104 ia
1036 3048 1120 3105 Festo
1136 3048 1336 3123 plurimorum

140 3138 311 3205 martyrum.
1083 3133 1085 3137 ’

196 3209 245 3267 Aa
260 3210 382 3267 Galatea
395 3210 446 3284 (ii.
464 3209 562 3285 6-10).

197 3291 336 3348 Fratres:
358 3291 440 3347 Deus
453 3309 608 3367 personam
626 3289 754 3346 hominis
773 3309 833 3345 non
851 3287 958 3364 accipit
978 3308 1069 3362 uaque
1086 3291 1127 3345 ael
1147 3289 1226 3363 quod
1247 3289 1337 3345 etiam

135 3372 278 3429 sollicitus
292 3392 358 3429 sum
371 3370 426 3429 hoc
440 3372 538 3448 ipsum
551 3371 655 3442 facere,
670 3371 709 3427 In
725 3369 845 3427 Christo
859 3369 881 3426 J
882 3388 933 3445 esu
947 3369 1077 3426 Domino
1090 3376 1200 3428 nostro.

196 3452 265 3509 Ista
280 3452 345 3510 duee
359 3452 497 3527 Epistola
510 3452 645 3509 dicautur
658 3450 834 3509 alternatim.

198 3532 332 3591 Gradale.
376 3532 547 3590 Constitues
561 3552 617 3589 eos.

189 3613 338 3690 Alleluya.
389 3613 418 3670 V.
441 3614 499 3671 Isti
513 3619 584 3671 sunt
602 3613 667 3670 duae
686 3613 772 3670 olivae
790 3617 822 3669 ct
839 3611 898 3668 duo
919 3611 1096 3668 candelabra
1116 3609 1247 3666 lucentia
1267 3613 1337 3666 ante

136 3695 307 3754 Dominum.
331 3694 454 3751 Habent
467 3699 645 3771 potestatem
658 3693 793 3751 claudere
807 3692 910 3749 caelum
925 3692 1055 3749 nubibus
1068 3698 1099 3749 et
1112 3688 1226 3766 aperire
1237 3695 1339 3765 portas

136 3777 218 3852 ejus3
239 3775 309 3852 quia
322 3775 430 3850 linguae
445 3795 547 3832 eorum
561 3774 658 3832 claves
672 3775 736 3832 caeli
750 3774 836 3831 factae
851 3778 929 3830 sunt.

195 3855 238 3913 Iu
267 3865 387 3930 arripere
416 3856 563 3924 Paecltali,
584 3856 733 3930 Alleluya.
792 3854 821 3912 V.
854 3853 903 3910 Ite
926 3852 1066 3909 nuntiate
1090 3849 1234 3907 fratribus
1253 3848 1336 3920 meis,

136 3943 170 3994 ut
184 3943 253 3994 eant
266 3937 298 3992 in
313 3936 483 3994 Galilaeam:
498 3937 542 3992 ibi
555 3954 603 3993 me
615 3937 769 3993 videbunt.

193 4017 229 4076 Si
241 4017 325 4093 iufra
337 4017 593 4093 Septuaqaauu
608 4017 740 4088 Tractus,
756 4014 816 4084 Qui
829 4013 965 4086 seminat,
975 4021 1008 4069 at
1026 4011 1060 4068 iu
1074 4009 1232 4068 uolutauit
1245 4010 1338 4068 unius

136 4099 266 4174 eirqiuia

194 4178 358 4254 Sequentia.
401 4179 469 4235 Hac
483 4178 515 4234 in
529 4177 583 4233 dic.

194 4259 266 4317 Alia
285 4260 448 4335 Sequentia.
482 4259 521 4315 In
544 4256 687 4315 sollemni.
726 4255 879 4313 Dicuntur
900 4251 1092 4320 alternatim,
1116 4250 1230 4324 require
1252 4250 1338 4324 iufra

137 4339 258 4398 Oetaeae
271 4339 467 4416 apostolorum
480 4338 564 4395 Petri
577 4347 603 4394 et
613 4336 715 4409 Pauli,
730 4336 764 4393 irc
779 4334 943 4394 Communi.

194 4421 394 4495 Euareqeliuru.
455 4417 553 4478 Jussit
584 4416 681 4487 Jesua,
708 4416 823 4490 require
860 4413 944 4488 iufra
984 4410 1106 4471 Oetaeae
1140 4411 1338 4488 apostolerum
1451 4428 1454 4433 ·

136 4501 216 4560 Petri
229 4510 255 4562 et
268 4501 369 4559 Pauli.
