2946 5002
537 362 633 427 Facto
655 361 860 427 Novembris.

158 526 319 602 Sequentia.

219 607 408 666 Sacrosancta
420 609 569 666 hodiernae
582 609 754 667 festivitatis
767 611 912 684 praeconia

218 689 317 764 Digna
330 689 417 746 laude
431 691 567 747 universa
581 690 754 766 categorizat
768 691 905 757 Ecclesia,

219 769 373 827 Mitissimi
386 777 554 828 sanctorum
568 771 751 828 sanctissima
764 772 932 828 extollendo
945 772 1051 830 merita

217 851 355 926 Apostoli
368 852 497 908 Andreae
510 852 683 909 admiranda
695 852 897 928 praefulgentis
909 853 1012 928 gratia.

218 932 278 988 Hic
292 939 410 1008 accepto
424 953 442 989 a
454 933 477 990 J
478 933 593 990 ohanne
607 933 752 1007 Baptista,

219 1012 304 1080 Quod
317 1014 445 1071 venisset
458 1014 511 1089 qui
523 1014 639 1071 tolleret
652 1020 778 1088 peccata,

219 1092 292 1149 Mox
306 1095 369 1169 ejus
382 1095 498 1151 intrans
511 1093 677 1151 habitacula
686 1094 824 1151 audiebat
838 1094 954 1170 eloquia
965 1115 973 1165 3

219 1173 405 1250 Inventoque
419 1176 510 1232 fratre
524 1195 576 1232 suo
591 1174 684 1231 Bar-J
684 1195 749 1245 ona,

219 1253 400 1327 Invenimus
416 1257 460 1312 ait
473 1275 571 1327 ovans,
588 1255 747 1327 Messiam3
791 1301 795 1308 .

218 1334 259 1391 Et
272 1335 360 1392 duxit
373 1355 441 1392 eum
454 1337 492 1392 ad
505 1337 698 1394 dulcifluam*
712 1336 875 1394 Salvatoris
889 1336 1082 1412 praesentiam.

218 1415 309 1473 Hunc
324 1423 556 1493 perscrutantem
567 1418 660 1473 maria
675 1416 787 1473 Christi
799 1419 917 1474 vocavit
930 1417 1094 1490 clementia,

218 1497 325 1553 Artem
338 1498 470 1573 piscandi
484 1504 667 1554 commutans
680 1498 824 1574 dignitate
837 1498 995 1574 apostolica
1007 1519 1015 1570 ;

220 1576 311 1653 (injus
324 1579 454 1635 animam
467 1584 534 1654 post
547 1579 625 1635 clara
639 1578 708 1634 festi
721 1578 864 1653 paschalis
877 1585 1010 1655 tempora

219 1657 320 1714 Sancti
334 1657 463 1734 Spiritus
478 1659 616 1734 praeclara
629 1659 823 1734 perlustravit
835 1661 978 1735 potentia,

218 1739 269 1795 Ad
283 1740 501 1814 praedicandum
514 1740 630 1816 populis
643 1740 847 1815 poenitentiam

220 1819 261 1875 Et
274 1819 333 1877 Dei
347 1820 446 1877 Patris
459 1841 512 1896 per
525 1821 635 1877 Filium
649 1821 841 1879 clementiam.

220 1900 375 1958 Gratulare
389 1921 457 1976 crgo
470 1907 555 1958 tanto
569 1908 661 1977 patre,
676 1901 799 1972 Achaia,

219 1981 373 2038 illustrata
387 1983 449 2057 ejus
463 1983 586 2039 salutari
599 1983 742 2052 doctrina,

219 2061 375 2119 Honorata
387 2063 562 2120 multimoda
574 2063 724 2139 signorum
738 2063 905 2138 frequentia
917 2064 943 2124 :i

219 2142 259 2198 Et
273 2148 307 2198 tu
320 2163 438 2218 gemeus
452 2144 542 2219 plora,
557 2150 629 2200 trux
643 2145 775 2200 carnifex
788 2144 902 2220 AEgea3

219 2223 259 2279 Te
273 2223 336 2280 lues
350 2224 465 2281 inferna
479 2231 509 2281 et
522 2244 601 2281 mors
615 2231 697 2282 tenet
711 2231 829 2297 aeterna,

219 2303 259 2360 Et
272 2305 426 2362 Andrcam
439 2305 535 2362 felicia
548 2325 600 2381 per
614 2326 729 2363 crucem
742 2313 864 2362 manent
877 2306 993 2382 gaudia.

217 2384 288 2441 Jam
310 2405 407 2461 regem
431 2393 517 2442 tuum
541 2393 663 2462 spectas,
684 2388 748 2462 jam
772 2387 883 2457 adoras,
901 2389 965 2462 jam
989 2388 1053 2462 ejus
1076 2386 1109 2443 in
1129 2394 1295 2463 conspectu,

299 2466 428 2538 Andrea,
444 2473 504 2525 stas
516 2488 525 2540 5
791 2485 798 2497 ·

219 2547 346 2603 Odorem
360 2547 516 2604 suavitatis
525 2549 588 2623 jam
603 2548 722 2624 aspiras
737 2568 824 2624 quem
838 2547 935 2605 divini
948 2549 1055 2606 amoris
1069 2569 1169 2606 aroma
1182 2549 1241 2606 dat.

220 2627 267 2684 Sis
281 2647 350 2702 crgo
363 2629 457 2699 nobis,
472 2629 584 2702 inclyta

220 2708 352 2765 Dulcedo
365 2709 479 2784 spirans
493 2710 599 2765 intima

220 2788 351 2846 Oaelcstis
363 2790 434 2846 vitae
448 2789 584 2846 balsama.

161 2939 326 2997 Secundum
340 2940 515 2997 Mattltoeum
527 2940 581 3016 (ia.
600 2939 715 3016 18-22).

160 3020 198 3076 Iu
211 3021 262 3078 illo
275 3027 416 3097 tempore,
432 3021 600 3077 Ambulans
613 3020 636 3077 J
636 3040 687 3077 esu
703 3022 794 3096 juxta
812 3041 893 3080 mare
907 3021 1036 3080 Galilaeae
1049 3042 1139 3098 itaque
1153 3024 1193 3080 ad
1207 3024 1299 3080 secuti

101 3108 171 3162 aunt
185 3121 260 3160 eum.

161 3185 262 3243 Credo

161 3276 351 3353 offertor-ium.
395 3274 475 3332 Mihi
487 3281 588 3331 autem
601 3274 691 3331 nimis
704 3273 898 3331 honorificati.

159 3372 278 3430 Secreta.

160 3451 341 3511 Sacrificium
354 3456 488 3506 nostrum
507 3449 573 3519 tibi,
588 3449 725 3519 Domine,
740 3467 915 3523 quaesumus,
931 3448 1010 3505 beati
1027 3448 1156 3506 Andreae
1170 3448 1299 3524 precatio

101 3541 199 3591 sancta
212 3531 355 3667 concilpet,
370 3536 405 3586 ut
419 3531 503 3606 cujus
516 3530 625 3587 honore
646 3529 827 3586 sollemniter
847 3528 1013 3600 exhibetur,
1028 3530 1142 3587 meritis
1156 3530 1299 3586 efficiatur

103 3621 260 3690 acceptum.
329 3631 367 3668 cr.

159 3705 309 3780 Praefatio.
352 3703 393 3760 Et
406 3709 444 3776 te,
460 3703 597 3774 Domine,
612 3701 789 3779 suppliciter.

159 3799 347 3954 gidivtieungt
357 3897 411 3948 me,
423 3877 528 3934 faciam
538 3897 591 3934 vos
601 3877 758 3953 piscatores
769 3875 923 3932 hominum
935 3897 942 3935 :
956 3881 988 3934 at
997 3875 1051 3949 illi,
1064 3875 1175 3933 relictis
1186 3877 1299 3934 retibus

103 3969 131 4020 et
143 3961 222 4031 navi,
237 3959 330 4016 secuti
343 3965 413 4016 sunt
426 3959 597 4016 Dominum.

161 4057 399 4116 Poatcommuaio

160 4139 352 4216 Sumpsimus
382 4138 518 4208 Domine,
547 4136 650 4193 divina
684 4135 825 4211 mysteria
858 4135 938 4192 beati
972 4135 1102 4192 Andreae
1136 4137 1299 4195 festivitate

102 4221 233 4278 laetantes
245 4240 254 4292 3
274 4238 338 4296 quae
362 4219 438 4275 sicut
462 4218 570 4275 sanctis
595 4218 656 4273 tuis
679 4217 716 4273 ad
739 4216 863 4292 gloriam
883 4217 927 4272 ita
950 4217 1041 4288 nobis,
1064 4237 1240 4292 quaesumus,
1261 4221 1299 4277 ad

102 4302 217 4359 veniam
230 4301 365 4377 prodesse
378 4299 517 4376 perficias.
560 4298 619 4355 Per
633 4297 804 4354 Dominum.

159 4486 172 4510 ⁸
188 4484 227 4530 Sic
243 4483 297 4530 MS.
309 4483 328 4530 O
339 4483 386 4528 and
396 4483 440 4529 Ed.
472 4481 525 4528 ΜΒ.
537 4480 736 4527 D-mcllifluam.
854 4480 867 4539 †
883 4478 956 4526 MSS.
968 4480 986 4527 Ο
997 4480 1044 4526 and
1054 4481 1240 4543 D-praoscntia.
