<?xml version="1.0" encoding="UTF-8"?>
<!DOCTYPE html PUBLIC "-//W3C//DTD XHTML 1.0 Transitional//EN"
    "http://www.w3.org/TR/xhtml1/DTD/xhtml1-transitional.dtd">
<html xmlns="http://www.w3.org/1999/xhtml" xml:lang="en" lang="en">
 <head>
  <title>
</title>
<meta http-equiv="Content-Type" content="text/html;charset=utf-8" />
  <meta name='ocr-system' content='tesseract 3.04.00' />
  <meta name='ocr-capabilities' content='ocr_page ocr_carea ocr_par ocr_line ocrx_word'/>
</head>
<body>
  <div class='ocr_page' id='page_1' title='image "./missaleadusumin02churgoog_0120.png"; bbox 0 0 2946 5002; ppageno 0'>
   <div class='ocr_carea' id='block_1_1' title="bbox 571 370 1312 491">
    <p class='ocr_par' dir='ltr' id='par_1_1' title="bbox 571 370 1312 491">
     <span class='ocr_line' id='line_1_1' title="bbox 571 370 1312 491; baseline 0.003 -21"><span class='ocrx_word' id='word_1_1' title='bbox 571 381 670 472; x_wconf 72' lang='lat' dir='ltr'><strong>reta</strong></span> <span class='ocrx_word' id='word_1_2' title='bbox 693 370 853 491; x_wconf 56' lang='lat' dir='ltr'><strong>sessa</strong></span> <span class='ocrx_word' id='word_1_3' title='bbox 1272 407 1312 472; x_wconf 83' lang='lat'><strong>91</strong></span> 
     </span>
    </p>
   </div>
   <div class='ocr_carea' id='block_1_2' title="bbox 102 568 1316 2087">
    <p class='ocr_par' dir='ltr' id='par_1_2' title="bbox 168 568 1244 714">
     <span class='ocr_line' id='line_1_2' title="bbox 168 568 728 710; baseline -0.005 -78"><span class='ocrx_word' id='word_1_4' title='bbox 168 568 369 710; x_wconf 61' lang='lat' dir='ltr'><strong>gffertorium.</strong></span> <span class='ocrx_word' id='word_1_5' title='bbox 410 569 450 630; x_wconf 87' lang='lat' dir='ltr'><strong>In</strong></span> <span class='ocrx_word' id='word_1_6' title='bbox 463 589 582 631; x_wconf 89' lang='lat' dir='ltr'><strong>omnem</strong></span> <span class='ocrx_word' id='word_1_7' title='bbox 594 575 728 630; x_wconf 86' lang='lat' dir='ltr'><strong>terram&#39;</strong></span> 
     </span>
     <span class='ocr_line' id='line_1_3' title="bbox 192 661 1244 714; baseline -0.005 -2"><span class='ocrx_word' id='word_1_8' title='bbox 192 661 292 714; x_wconf 71' lang='lat' dir='ltr'><strong>cereta</strong></span> <span class='ocrx_word' id='word_1_9' title='bbox 1231 695 1244 707; x_wconf 82' lang='lat'><strong>..</strong></span> 
     </span>
    </p>

    <p class='ocr_par' dir='ltr' id='par_1_3' title="bbox 108 730 1315 956">
     <span class='ocr_line' id='line_1_4' title="bbox 170 730 1314 811; baseline -0.003 -19"><span class='ocrx_word' id='word_1_10' title='bbox 170 732 259 792; x_wconf 85' lang='lat' dir='ltr'><strong>Beati</strong></span> <span class='ocrx_word' id='word_1_11' title='bbox 285 731 412 811; x_wconf 89' lang='lat' dir='ltr'><strong>apostoli</strong></span> <span class='ocrx_word' id='word_1_12' title='bbox 441 732 488 791; x_wconf 89' lang='lat' dir='ltr'><strong>tui</strong></span> <span class='ocrx_word' id='word_1_13' title='bbox 515 730 736 805; x_wconf 86' lang='lat' dir='ltr'><strong>Bartholomaei,</strong></span> <span class='ocrx_word' id='word_1_14' title='bbox 768 730 906 804; x_wconf 84' lang='lat' dir='ltr'><strong>Domine,</strong></span> <span class='ocrx_word' id='word_1_15' title='bbox 932 730 1088 792; x_wconf 72' lang='lat' dir='ltr'><strong>sollemnia</strong></span> <span class='ocrx_word' id='word_1_16' title='bbox 1119 735 1314 809; x_wconf 79' lang='lat' dir='ltr'><strong>recensentes,</strong></span> 
     </span>
     <span class='ocr_line' id='line_1_5' title="bbox 108 813 1315 892; baseline -0.002 -19"><span class='ocrx_word' id='word_1_17' title='bbox 108 833 286 891; x_wconf 78' lang='lat' dir='ltr'><strong>quaesumus,</strong></span> <span class='ocrx_word' id='word_1_18' title='bbox 301 819 337 872; x_wconf 89' lang='lat' dir='ltr'><strong>ut</strong></span> <span class='ocrx_word' id='word_1_19' title='bbox 350 813 463 873; x_wconf 86' lang='lat' dir='ltr'><strong>auxilio</strong></span> <span class='ocrx_word' id='word_1_20' title='bbox 482 813 547 892; x_wconf 88' lang='lat' dir='ltr'><strong>ejus</strong></span> <span class='ocrx_word' id='word_1_21' title='bbox 562 820 618 875; x_wconf 84' lang='lat' dir='ltr'><strong>tua</strong></span> <span class='ocrx_word' id='word_1_22' title='bbox 633 813 775 874; x_wconf 87' lang='lat' dir='ltr'><strong>beneficia</strong></span> <span class='ocrx_word' id='word_1_23' title='bbox 795 813 953 891; x_wconf 87' lang='lat' dir='ltr'><strong>capiamus,</strong></span> <span class='ocrx_word' id='word_1_24' title='bbox 967 824 1022 891; x_wconf 86' lang='lat' dir='ltr'><strong>pro</strong></span> <span class='ocrx_word' id='word_1_25' title='bbox 1043 825 1103 892; x_wconf 85' lang='lat' dir='ltr'><strong>quo</strong></span> <span class='ocrx_word' id='word_1_26' title='bbox 1125 813 1182 872; x_wconf 90' lang='lat' dir='ltr'><strong>tibi</strong></span> <span class='ocrx_word' id='word_1_27' title='bbox 1202 813 1315 871; x_wconf 80' lang='lat' dir='ltr'><strong>hostias</strong></span> 
     </span>
     <span class='ocr_line' id='line_1_6' title="bbox 108 894 1111 956; baseline -0.002 -4"><span class='ocrx_word' id='word_1_28' title='bbox 108 894 206 953; x_wconf 89' lang='lat' dir='ltr'><strong>laudis</strong></span> <span class='ocrx_word' id='word_1_29' title='bbox 219 895 377 956; x_wconf 80' lang='lat' dir='ltr'><strong>offerimus.</strong></span> <span class='ocrx_word' id='word_1_30' title='bbox 419 895 487 954; x_wconf 90' lang='lat' dir='ltr'><strong>Per.</strong></span> <span class='ocrx_word' id='word_1_31' title='bbox 1108 903 1111 910; x_wconf 88' lang='grc'><strong>’</strong></span> 
     </span>
    </p>

    <p class='ocr_par' dir='ltr' id='par_1_4' title="bbox 169 974 1221 1037">
     <span class='ocr_line' id='line_1_7' title="bbox 169 974 1221 1037; baseline -0.003 -4"><span class='ocrx_word' id='word_1_32' title='bbox 169 974 242 1034; x_wconf 75' lang='lat' dir='ltr'><strong>Alia</strong></span> <span class='ocrx_word' id='word_1_33' title='bbox 254 975 377 1036; x_wconf 81' lang='lat' dir='ltr'><strong>Secreta.</strong></span> <span class='ocrx_word' id='word_1_34' title='bbox 994 1017 1011 1037; x_wconf 75' lang='grc'><strong>,,</strong></span> <span class='ocrx_word' id='word_1_35' title='bbox 1210 1024 1221 1030; x_wconf 77' lang='grc'><strong>,.</strong></span> 
     </span>
    </p>

    <p class='ocr_par' dir='ltr' id='par_1_5' title="bbox 108 1048 1315 1295">
     <span class='ocr_line' id='line_1_8' title="bbox 170 1048 1315 1134; baseline 0 -20"><span class='ocrx_word' id='word_1_36' title='bbox 170 1057 288 1130; x_wconf 82' lang='lat' dir='ltr'><strong>Oblata,</strong></span> <span class='ocrx_word' id='word_1_37' title='bbox 303 1055 442 1129; x_wconf 89' lang='lat' dir='ltr'><strong>Domine,</strong></span> <span class='ocrx_word' id='word_1_38' title='bbox 455 1074 580 1114; x_wconf 87' lang='lat' dir='ltr'><strong>munera</strong></span> <span class='ocrx_word' id='word_1_39' title='bbox 592 1054 687 1114; x_wconf 89' lang='lat' dir='ltr'><strong>fidelis</strong></span> <span class='ocrx_word' id='word_1_40' title='bbox 699 1054 803 1134; x_wconf 90' lang='lat' dir='ltr'><strong>populi</strong></span> <span class='ocrx_word' id='word_1_41' title='bbox 817 1054 932 1114; x_wconf 87' lang='lat' dir='ltr'><strong>meritis</strong></span> <span class='ocrx_word' id='word_1_42' title='bbox 949 1048 1113 1114; x_wconf 68' lang='lat' dir='ltr'><strong>beatissimi</strong></span> <span class='ocrx_word' id='word_1_43' title='bbox 1129 1053 1249 1133; x_wconf 87' lang='lat' dir='ltr'><strong>patroni</strong></span> <span class='ocrx_word' id='word_1_44' title='bbox 1266 1053 1315 1114; x_wconf 93' lang='lat' dir='ltr'><strong>sui</strong></span> 
     </span>
     <span class='ocr_line' id='line_1_9' title="bbox 108 1135 1314 1215; baseline -0.002 -18"><span class='ocrx_word' id='word_1_45' title='bbox 108 1135 251 1211; x_wconf 85' lang='lat' dir='ltr'><strong>Audoeni</strong></span> <span class='ocrx_word' id='word_1_46' title='bbox 262 1137 321 1211; x_wconf 87' lang='lat' dir='ltr'><strong>tibi</strong></span> <span class='ocrx_word' id='word_1_47' title='bbox 338 1136 502 1212; x_wconf 88' lang='lat' dir='ltr'><strong>reddantur</strong></span> <span class='ocrx_word' id='word_1_48' title='bbox 517 1141 700 1215; x_wconf 71' lang='lat' dir='ltr'><strong>acceptant</strong></span> <span class='ocrx_word' id='word_1_49' title='bbox 717 1137 756 1195; x_wconf 91' lang='lat' dir='ltr'><strong>ab</strong></span> <span class='ocrx_word' id='word_1_50' title='bbox 778 1137 860 1209; x_wconf 89' lang='lat' dir='ltr'><strong>omni</strong></span> <span class='ocrx_word' id='word_1_51' title='bbox 881 1137 1065 1214; x_wconf 32' lang='lat' dir='ltr'><strong>contagione,</strong></span> <span class='ocrx_word' id='word_1_52' title='bbox 1071 1136 1188 1215; x_wconf 89' lang='lat' dir='ltr'><strong>peceati</strong></span> <span class='ocrx_word' id='word_1_53' title='bbox 1209 1135 1314 1194; x_wconf 90' lang='lat' dir='ltr'><strong>iisdem</strong></span> 
     </span>
     <span class='ocr_line' id='line_1_10' title="bbox 108 1216 1213 1295; baseline 0.001 -20"><span class='ocrx_word' id='word_1_54' title='bbox 108 1217 217 1295; x_wconf 87' lang='lat' dir='ltr'><strong>quibus</strong></span> <span class='ocrx_word' id='word_1_55' title='bbox 227 1217 409 1277; x_wconf 78' lang='lat' dir='ltr'><strong>famulamur</strong></span> <span class='ocrx_word' id='word_1_56' title='bbox 421 1217 570 1295; x_wconf 76' lang='lat' dir='ltr'><strong>mysteriis</strong></span> <span class='ocrx_word' id='word_1_57' title='bbox 582 1217 743 1277; x_wconf 89' lang='lat' dir='ltr'><strong>clementer</strong></span> <span class='ocrx_word' id='word_1_58' title='bbox 754 1217 910 1277; x_wconf 89' lang='lat' dir='ltr'><strong>emundari</strong></span> <span class='ocrx_word' id='word_1_59' title='bbox 922 1236 1096 1277; x_wconf 89' lang='lat' dir='ltr'><strong>mereamur.</strong></span> <span class='ocrx_word' id='word_1_60' title='bbox 1146 1216 1213 1276; x_wconf 89' lang='lat' dir='ltr'><strong>Per.</strong></span> 
     </span>
    </p>

    <p class='ocr_par' dir='ltr' id='par_1_6' title="bbox 102 1297 1234 1452">
     <span class='ocr_line' id='line_1_11' title="bbox 170 1297 657 1376; baseline 0 -18"><span class='ocrx_word' id='word_1_61' title='bbox 170 1297 354 1360; x_wconf 71' lang='lat' dir='ltr'><strong>Omanwnio.</strong></span> <span class='ocrx_word' id='word_1_62' title='bbox 397 1297 463 1359; x_wconf 89' lang='lat' dir='ltr'><strong>Vos</strong></span> <span class='ocrx_word' id='word_1_63' title='bbox 482 1298 535 1376; x_wconf 93' lang='lat' dir='ltr'><strong>qui</strong></span> <span class='ocrx_word' id='word_1_64' title='bbox 554 1297 657 1358; x_wconf 85' lang='lat' dir='ltr'><strong>secuti.</strong></span> 
     </span>
     <span class='ocr_line' id='line_1_12' title="bbox 102 1379 1234 1452; baseline -0.001 -15"><span class='ocrx_word' id='word_1_65' title='bbox 102 1419 105 1426; x_wconf 88' lang='lat'>-</span> <span class='ocrx_word' id='word_1_66' title='bbox 169 1379 412 1440; x_wconf 79' lang='lat' dir='ltr'><strong>Postcomoouoio.</strong></span> <span class='ocrx_word' id='word_1_67' title='bbox 968 1393 971 1397; x_wconf 83' lang='lat'>·</span> <span class='ocrx_word' id='word_1_68' title='bbox 1039 1426 1042 1435; x_wconf 90' lang='lat'><strong>.</strong></span> <span class='ocrx_word' id='word_1_69' title='bbox 1214 1424 1234 1452; x_wconf 18' lang='grc' dir='ltr'><strong>,Α</strong></span> 
     </span>
    </p>

    <p class='ocr_par' dir='ltr' id='par_1_7' title="bbox 108 1457 1315 1681">
     <span class='ocr_line' id='line_1_13' title="bbox 169 1457 1313 1539; baseline -0.003 -20"><span class='ocrx_word' id='word_1_70' title='bbox 169 1459 364 1539; x_wconf 70' lang='lat' dir='ltr'><strong>sumpsimus,</strong></span> <span class='ocrx_word' id='word_1_71' title='bbox 377 1460 514 1537; x_wconf 81' lang='lat' dir='ltr'><strong>Domine,</strong></span> <span class='ocrx_word' id='word_1_72' title='bbox 525 1458 748 1539; x_wconf 81' lang='lat' dir='ltr'><strong>pignuasalutis</strong></span> <span class='ocrx_word' id='word_1_73' title='bbox 761 1463 879 1519; x_wconf 83' lang='lat' dir='ltr'><strong>aeternae</strong></span> <span class='ocrx_word' id='word_1_74' title='bbox 889 1458 1069 1537; x_wconf 65' lang='lat' dir='ltr'><strong>celebrantes</strong></span> <span class='ocrx_word' id='word_1_75' title='bbox 1082 1459 1167 1535; x_wconf 88' lang='lat' dir='ltr'><strong>beati</strong></span> <span class='ocrx_word' id='word_1_76' title='bbox 1175 1457 1313 1534; x_wconf 84' lang='lat' dir='ltr'><strong>Barthol-</strong></span> 
     </span>
     <span class='ocr_line' id='line_1_14' title="bbox 108 1537 1315 1620; baseline -0.001 -21"><span class='ocrx_word' id='word_1_77' title='bbox 108 1539 194 1599; x_wconf 81' lang='lat' dir='ltr'><strong>omaei</strong></span> <span class='ocrx_word' id='word_1_78' title='bbox 219 1542 346 1620; x_wconf 77' lang='lat' dir='ltr'><strong>apostoli</strong></span> <span class='ocrx_word' id='word_1_79' title='bbox 374 1541 422 1600; x_wconf 89' lang='lat' dir='ltr'><strong>tui</strong></span> <span class='ocrx_word' id='word_1_80' title='bbox 445 1542 550 1601; x_wconf 81' lang='lat' dir='ltr'><strong>votiva</strong></span> <span class='ocrx_word' id='word_1_81' title='bbox 572 1540 732 1612; x_wconf 87' lang='lat' dir='ltr'><strong>sollemnia,</strong></span> <span class='ocrx_word' id='word_1_82' title='bbox 756 1546 787 1599; x_wconf 87' lang='lat' dir='ltr'><strong>et</strong></span> <span class='ocrx_word' id='word_1_83' title='bbox 813 1547 958 1620; x_wconf 88' lang='lat' dir='ltr'><strong>perpetua</strong></span> <span class='ocrx_word' id='word_1_84' title='bbox 983 1541 1090 1601; x_wconf 89' lang='lat' dir='ltr'><strong>merita</strong></span> <span class='ocrx_word' id='word_1_85' title='bbox 1112 1537 1315 1599; x_wconf 74' lang='lat' dir='ltr'><strong>venerantes*</strong></span> 
     </span>
     <span class='ocr_line' id='line_1_15' title="bbox 109 1620 481 1681; baseline -0.003 0"><span class='ocrx_word' id='word_1_86' title='bbox 109 1620 170 1681; x_wconf 89' lang='lat' dir='ltr'><strong>Per</strong></span> <span class='ocrx_word' id='word_1_87' title='bbox 188 1622 362 1681; x_wconf 91' lang='lat' dir='ltr'><strong>Dominum.</strong></span> <span class='ocrx_word' id='word_1_88' title='bbox 480 1640 481 1643; x_wconf 45' lang='lat'>¹</span> 
     </span>
    </p>

    <p class='ocr_par' dir='ltr' id='par_1_8' title="bbox 168 1702 505 1764">
     <span class='ocr_line' id='line_1_16' title="bbox 168 1702 505 1764; baseline 0.009 -4"><span class='ocrx_word' id='word_1_89' title='bbox 168 1702 243 1762; x_wconf 76' lang='lat' dir='ltr'><strong>Alio</strong></span> <span class='ocrx_word' id='word_1_90' title='bbox 261 1703 505 1764; x_wconf 78' lang='lat' dir='ltr'><strong>Poetcommune&#39;o.</strong></span> 
     </span>
    </p>

    <p class='ocr_par' dir='ltr' id='par_1_9' title="bbox 107 1781 1316 2087">
     <span class='ocr_line' id='line_1_17' title="bbox 169 1781 1315 1862; baseline -0.002 -20"><span class='ocrx_word' id='word_1_91' title='bbox 169 1783 283 1843; x_wconf 88' lang='lat' dir='ltr'><strong>Mensae</strong></span> <span class='ocrx_word' id='word_1_92' title='bbox 303 1785 427 1844; x_wconf 75' lang='lat' dir='ltr'><strong>caelestis</strong></span> <span class='ocrx_word' id='word_1_93' title='bbox 446 1781 673 1862; x_wconf 71' lang='lat' dir='ltr'><strong>participatione</strong></span> <span class='ocrx_word' id='word_1_94' title='bbox 692 1781 832 1860; x_wconf 84' lang='lat' dir='ltr'><strong>vegetati,</strong></span> <span class='ocrx_word' id='word_1_95' title='bbox 849 1782 995 1861; x_wconf 84' lang='lat' dir='ltr'><strong>supplices</strong></span> <span class='ocrx_word' id='word_1_96' title='bbox 1012 1787 1044 1841; x_wconf 91' lang='lat' dir='ltr'><strong>te</strong></span> <span class='ocrx_word' id='word_1_97' title='bbox 1061 1801 1206 1860; x_wconf 86' lang='lat' dir='ltr'><strong>rogamus,</strong></span> <span class='ocrx_word' id='word_1_98' title='bbox 1222 1781 1315 1840; x_wconf 89' lang='lat' dir='ltr'><strong>omni·</strong></span> 
     </span>
     <span class='ocr_line' id='line_1_18' title="bbox 107 1863 1315 1942; baseline -0.002 -18"><span class='ocrx_word' id='word_1_99' title='bbox 107 1869 214 1942; x_wconf 88' lang='lat' dir='ltr'><strong>potens</strong></span> <span class='ocrx_word' id='word_1_100' title='bbox 233 1865 324 1941; x_wconf 77' lang='lat' dir='ltr'><strong>Deus,</strong></span> <span class='ocrx_word' id='word_1_101' title='bbox 339 1871 378 1924; x_wconf 88' lang='lat' dir='ltr'><strong>ut</strong></span> <span class='ocrx_word' id='word_1_102' title='bbox 391 1865 470 1924; x_wconf 87' lang='lat' dir='ltr'><strong>sieut</strong></span> <span class='ocrx_word' id='word_1_103' title='bbox 489 1864 526 1923; x_wconf 92' lang='lat' dir='ltr'><strong>de</strong></span> <span class='ocrx_word' id='word_1_104' title='bbox 545 1863 627 1923; x_wconf 82' lang='lat' dir='ltr'><strong>beati</strong></span> <span class='ocrx_word' id='word_1_105' title='bbox 648 1863 793 1922; x_wconf 89' lang='lat' dir='ltr'><strong>Audoeni</strong></span> <span class='ocrx_word' id='word_1_106' title='bbox 812 1869 956 1940; x_wconf 86' lang='lat' dir='ltr'><strong>perpetua</strong></span> <span class='ocrx_word' id='word_1_107' title='bbox 979 1863 1192 1941; x_wconf 82' lang='lat' dir='ltr'><strong>glorificatione</strong></span> <span class='ocrx_word' id='word_1_108' title='bbox 1215 1881 1315 1922; x_wconf 88' lang='lat' dir='ltr'><strong>annua</strong></span> 
     </span>
     <span class='ocr_line' id='line_1_19' title="bbox 109 1944 1316 2024; baseline -0.003 -20"><span class='ocrx_word' id='word_1_109' title='bbox 109 1945 279 2006; x_wconf 79' lang='lat' dir='ltr'><strong>celebritate</strong></span> <span class='ocrx_word' id='word_1_110' title='bbox 291 1945 461 2024; x_wconf 81' lang='lat' dir='ltr'><strong>gaudemus,</strong></span> <span class='ocrx_word' id='word_1_111' title='bbox 474 1945 519 2004; x_wconf 90' lang='lat' dir='ltr'><strong>ita</strong></span> <span class='ocrx_word' id='word_1_112' title='bbox 532 1945 625 2024; x_wconf 89' lang='lat' dir='ltr'><strong>ipsius</strong></span> <span class='ocrx_word' id='word_1_113' title='bbox 639 1944 719 2023; x_wconf 89' lang='lat' dir='ltr'><strong>apud</strong></span> <span class='ocrx_word' id='word_1_114' title='bbox 731 1949 763 2003; x_wconf 89' lang='lat' dir='ltr'><strong>te</strong></span> <span class='ocrx_word' id='word_1_115' title='bbox 774 1944 986 2003; x_wconf 83' lang='lat' dir='ltr'><strong>intercessione</strong></span> <span class='ocrx_word' id='word_1_116' title='bbox 999 1944 1038 2003; x_wconf 88' lang='lat' dir='ltr'><strong>ab</strong></span> <span class='ocrx_word' id='word_1_117' title='bbox 1052 1944 1134 2002; x_wconf 91' lang='lat' dir='ltr'><strong>omni</strong></span> <span class='ocrx_word' id='word_1_118' title='bbox 1147 1962 1316 2001; x_wconf 88' lang='lat' dir='ltr'><strong>mereamur</strong></span> 
     </span>
     <span class='ocr_line' id='line_1_20' title="bbox 109 2025 537 2087; baseline -0.002 -2"><span class='ocrx_word' id='word_1_119' title='bbox 109 2025 287 2086; x_wconf 83' lang='lat' dir='ltr'><strong>adversitate</strong></span> <span class='ocrx_word' id='word_1_120' title='bbox 300 2026 428 2087; x_wconf 83' lang='lat' dir='ltr'><strong>defendi.</strong></span> <span class='ocrx_word' id='word_1_121' title='bbox 469 2027 537 2085; x_wconf 89' lang='lat' dir='ltr'><strong>Per.</strong></span> 
     </span>
    </p>
   </div>
   <div class='ocr_carea' id='block_1_3' title="bbox 330 2194 1092 2310">
    <p class='ocr_par' dir='ltr' id='par_1_10' title="bbox 330 2194 1092 2310">
     <span class='ocr_line' id='line_1_21' title="bbox 330 2194 1092 2310; baseline -0.001 -19"><span class='ocrx_word' id='word_1_122' title='bbox 330 2197 460 2294; x_wconf 66' lang='lat' dir='ltr'><strong>sitos</strong></span> <span class='ocrx_word' id='word_1_123' title='bbox 480 2231 605 2305; x_wconf 76' lang='lat' dir='ltr'><strong>Hmnn,</strong></span> <span class='ocrx_word' id='word_1_124' title='bbox 626 2247 772 2290; x_wconf 75' lang='lat' dir='ltr'><strong>maenus</strong></span> <span class='ocrx_word' id='word_1_125' title='bbox 815 2200 891 2310; x_wconf 83' lang='lat' dir='ltr'><strong>(viii.</strong></span> <span class='ocrx_word' id='word_1_126' title='bbox 907 2194 979 2290; x_wconf 73' lang='lat' dir='ltr'><strong>llal.</strong></span> <span class='ocrx_word' id='word_1_127' title='bbox 995 2194 1092 2310; x_wconf 75' lang='lat' dir='ltr'><strong>Sept.)</strong></span> 
     </span>
    </p>
   </div>
   <div class='ocr_carea' id='block_1_4' title="bbox 106 2366 1316 3903">
    <p class='ocr_par' dir='ltr' id='par_1_11' title="bbox 174 2366 509 2445">
     <span class='ocr_line' id='line_1_22' title="bbox 174 2366 509 2445; baseline -0.003 -15"><span class='ocrx_word' id='word_1_128' title='bbox 174 2367 314 2445; x_wconf 72' lang='lat' dir='ltr'><strong>Officium.</strong></span> <span class='ocrx_word' id='word_1_129' title='bbox 356 2366 509 2429; x_wconf 86' lang='lat' dir='ltr'><strong>Dilexisti.</strong></span> 
     </span>
    </p>

    <p class='ocr_par' dir='ltr' id='par_1_12' title="bbox 174 2448 723 2528">
     <span class='ocr_line' id='line_1_23' title="bbox 174 2448 723 2528; baseline -0.005 -18"><span class='ocrx_word' id='word_1_130' title='bbox 174 2450 284 2510; x_wconf 77' lang='lat' dir='ltr'><strong>Oratio.</strong></span> <span class='ocrx_word' id='word_1_131' title='bbox 326 2450 522 2528; x_wconf 87' lang='lat' dir='ltr'><strong>Omnipotens</strong></span> <span class='ocrx_word' id='word_1_132' title='bbox 535 2448 723 2525; x_wconf 89' lang='lat' dir='ltr'><strong>sempiterne.</strong></span> 
     </span>
    </p>

    <p class='ocr_par' dir='ltr' id='par_1_13' title="bbox 106 2525 1315 2770">
     <span class='ocr_line' id='line_1_24' title="bbox 183 2525 1314 2608; baseline -0.004 -18"><span class='ocrx_word' id='word_1_133' title='bbox 183 2530 316 2590; x_wconf 75' lang='lat' dir='ltr'><strong>Concede</strong></span> <span class='ocrx_word' id='word_1_134' title='bbox 325 2550 387 2604; x_wconf 91' lang='lat' dir='ltr'><strong>nos,</strong></span> <span class='ocrx_word' id='word_1_135' title='bbox 400 2549 578 2608; x_wconf 73' lang='lat' dir='ltr'><strong>quaesumus,</strong></span> <span class='ocrx_word' id='word_1_136' title='bbox 590 2529 777 2608; x_wconf 88' lang='lat' dir='ltr'><strong>omnipotens</strong></span> <span class='ocrx_word' id='word_1_137' title='bbox 788 2528 880 2601; x_wconf 91' lang='lat' dir='ltr'><strong>Deus,</strong></span> <span class='ocrx_word' id='word_1_138' title='bbox 892 2532 927 2587; x_wconf 94' lang='lat' dir='ltr'><strong>ut</strong></span> <span class='ocrx_word' id='word_1_139' title='bbox 937 2527 991 2605; x_wconf 91' lang='lat' dir='ltr'><strong>qui</strong></span> <span class='ocrx_word' id='word_1_140' title='bbox 1000 2525 1207 2586; x_wconf 84' lang='lat' dir='ltr'><strong>translationis</strong></span> <span class='ocrx_word' id='word_1_141' title='bbox 1219 2526 1314 2586; x_wconf 86' lang='lat' dir='ltr'><strong>beatae</strong></span> 
     </span>
     <span class='ocr_line' id='line_1_25' title="bbox 108 2606 1315 2690; baseline -0.002 -20"><span class='ocrx_word' id='word_1_142' title='bbox 108 2610 165 2670; x_wconf 91' lang='lat' dir='ltr'><strong>Hil</strong></span> <span class='ocrx_word' id='word_1_143' title='bbox 230 2611 357 2690; x_wconf 80' lang='lat' dir='ltr'><strong>virginis</strong></span> <span class='ocrx_word' id='word_1_144' title='bbox 379 2617 441 2670; x_wconf 87' lang='lat' dir='ltr'><strong>tuae</strong></span> <span class='ocrx_word' id='word_1_145' title='bbox 467 2631 568 2670; x_wconf 89' lang='lat' dir='ltr'><strong>annua</strong></span> <span class='ocrx_word' id='word_1_146' title='bbox 587 2610 787 2670; x_wconf 88' lang='lat' dir='ltr'><strong>sollemnitate</strong></span> <span class='ocrx_word' id='word_1_147' title='bbox 807 2610 952 2685; x_wconf 86' lang='lat' dir='ltr'><strong>laetamur,</strong></span> <span class='ocrx_word' id='word_1_148' title='bbox 974 2608 1042 2686; x_wconf 85' lang='lat' dir='ltr'><strong>ipsa</strong></span> <span class='ocrx_word' id='word_1_149' title='bbox 1063 2606 1277 2685; x_wconf 86' lang='lat' dir='ltr'><strong>intercedente,</strong></span> <span class='ocrx_word' id='word_1_150' title='bbox 1297 2628 1315 2667; x_wconf 88' lang='lat' dir='ltr'><strong>a</strong></span> 
     </span>
     <span class='ocr_line' id='line_1_26' title="bbox 106 2685 1274 2770; baseline -0.004 -18"><span class='ocrx_word' id='word_1_151' title='bbox 106 2698 258 2752; x_wconf 84' lang='lat' dir='ltr'><strong>vetustate</strong></span> <span class='ocrx_word' id='word_1_152' title='bbox 270 2693 304 2751; x_wconf 91' lang='lat' dir='ltr'><strong>in</strong></span> <span class='ocrx_word' id='word_1_153' title='bbox 316 2693 483 2751; x_wconf 82' lang='lat' dir='ltr'><strong>novitatem</strong></span> <span class='ocrx_word' id='word_1_154' title='bbox 496 2692 569 2750; x_wconf 84' lang='lat' dir='ltr'><strong>vitae</strong></span> <span class='ocrx_word' id='word_1_155' title='bbox 581 2685 805 2751; x_wconf 81' lang='lat' dir='ltr'><strong>transferamur.</strong></span> <span class='ocrx_word' id='word_1_156' title='bbox 846 2689 907 2750; x_wconf 89' lang='lat' dir='ltr'><strong>Per</strong></span> <span class='ocrx_word' id='word_1_157' title='bbox 919 2688 1203 2749; x_wconf 83' lang='lat' dir='ltr'><strong>Dominum-MS.</strong></span> <span class='ocrx_word' id='word_1_158' title='bbox 1218 2686 1274 2770; x_wconf 63' lang='grc' dir='ltr'><strong>Α]</strong></span> 
     </span>
    </p>

    <p class='ocr_par' dir='ltr' id='par_1_14' title="bbox 168 2773 583 2851">
     <span class='ocr_line' id='line_1_27' title="bbox 168 2773 583 2851; baseline 0.007 -20"><span class='ocrx_word' id='word_1_159' title='bbox 168 2773 312 2851; x_wconf 73' lang='lat' dir='ltr'><strong>Epistola.</strong></span> <span class='ocrx_word' id='word_1_160' title='bbox 355 2773 416 2844; x_wconf 82' lang='lat' dir='ltr'><strong>Qui</strong></span> <span class='ocrx_word' id='word_1_161' title='bbox 428 2773 583 2850; x_wconf 84' lang='lat' dir='ltr'><strong>gloriatur.</strong></span> 
     </span>
    </p>

    <p class='ocr_par' dir='ltr' id='par_1_15' title="bbox 170 2853 501 2926">
     <span class='ocr_line' id='line_1_28' title="bbox 170 2853 501 2926; baseline 0 -12"><span class='ocrx_word' id='word_1_162' title='bbox 170 2853 309 2926; x_wconf 57' lang='lat' dir='ltr'><strong>eradat</strong></span> <span class='ocrx_word' id='word_1_163' title='bbox 347 2853 501 2914; x_wconf 85' lang='lat' dir='ltr'><strong>Dilexisti.</strong></span> 
     </span>
    </p>

    <p class='ocr_par' dir='ltr' id='par_1_16' title="bbox 168 2935 570 3011">
     <span class='ocr_line' id='line_1_29' title="bbox 168 2935 570 3011; baseline 0 -17"><span class='ocrx_word' id='word_1_164' title='bbox 168 2935 320 3011; x_wconf 84' lang='lat' dir='ltr'><strong>Alleluya</strong></span> <span class='ocrx_word' id='word_1_165' title='bbox 368 2935 399 2996; x_wconf 86' lang='lat' dir='ltr'><strong>V.</strong></span> <span class='ocrx_word' id='word_1_166' title='bbox 420 2935 570 2994; x_wconf 83' lang='lat' dir='ltr'><strong>AEmulor.</strong></span> 
     </span>
    </p>

    <p class='ocr_par' dir='ltr' id='par_1_17' title="bbox 169 3011 1172 3094">
     <span class='ocr_line' id='line_1_30' title="bbox 169 3011 1172 3094; baseline -0.004 -20"><span class='ocrx_word' id='word_1_167' title='bbox 169 3015 373 3092; x_wconf 69' lang='lat' dir='ltr'><strong>Ewapelium.</strong></span> <span class='ocrx_word' id='word_1_168' title='bbox 416 3015 520 3075; x_wconf 84' lang='lat' dir='ltr'><strong>Simile</strong></span> <span class='ocrx_word' id='word_1_169' title='bbox 532 3021 579 3074; x_wconf 88' lang='lat' dir='ltr'><strong>est</strong></span> <span class='ocrx_word' id='word_1_170' title='bbox 590 3034 717 3094; x_wconf 86' lang='lat' dir='ltr'><strong>regnum</strong></span> <span class='ocrx_word' id='word_1_171' title='bbox 730 3014 868 3074; x_wconf 86' lang='lat' dir='ltr'><strong>caelorum</strong></span> <span class='ocrx_word' id='word_1_172' title='bbox 881 3012 982 3072; x_wconf 87' lang='lat' dir='ltr'><strong>decem</strong></span> <span class='ocrx_word' id='word_1_173' title='bbox 995 3011 1172 3091; x_wconf 83' lang='lat' dir='ltr'><strong>virginibus.</strong></span> 
     </span>
    </p>

    <p class='ocr_par' dir='ltr' id='par_1_18' title="bbox 174 3096 623 3176">
     <span class='ocr_line' id='line_1_31' title="bbox 174 3096 623 3176; baseline -0.002 -20"><span class='ocrx_word' id='word_1_174' title='bbox 174 3097 367 3171; x_wconf 72' lang='lat' dir='ltr'><strong>offertor-ium.</strong></span> <span class='ocrx_word' id='word_1_175' title='bbox 410 3096 496 3156; x_wconf 75' lang='lat' dir='ltr'><strong>Filia</strong></span> <span class='ocrx_word' id='word_1_176' title='bbox 509 3116 623 3176; x_wconf 82' lang='lat' dir='ltr'><strong>regum.</strong></span> 
     </span>
    </p>

    <p class='ocr_par' dir='ltr' id='par_1_19' title="bbox 169 3175 1235 3250">
     <span class='ocr_line' id='line_1_32' title="bbox 169 3175 1235 3250; baseline -0.006 -15"><span class='ocrx_word' id='word_1_177' title='bbox 169 3175 292 3246; x_wconf 73' lang='lat' dir='ltr'><strong>Secreta.</strong></span> <span class='ocrx_word' id='word_1_178' title='bbox 326 3243 327 3247; x_wconf 6' lang='grc' dir='ltr'>ἵ</span> <span class='ocrx_word' id='word_1_179' title='bbox 467 3243 469 3250; x_wconf 22' lang='lat'><strong>¹</strong></span> <span class='ocrx_word' id='word_1_180' title='bbox 842 3227 866 3247; x_wconf 9' lang='grc' dir='ltr'><strong>ὓ.</strong></span> <span class='ocrx_word' id='word_1_181' title='bbox 1059 3225 1063 3230; x_wconf 93' lang='grc'><em>.</em></span> <span class='ocrx_word' id='word_1_182' title='bbox 1233 3223 1235 3229; x_wconf 95' lang='grc'>.</span> 
     </span>
    </p>

    <p class='ocr_par' dir='ltr' id='par_1_20' title="bbox 107 3253 1315 3498">
     <span class='ocr_line' id='line_1_33' title="bbox 168 3253 1315 3353; baseline -0.006 -36"><span class='ocrx_word' id='word_1_183' title='bbox 168 3254 389 3353; x_wconf 22' lang='lat' dir='ltr'><strong>[Hostias-tibi,</strong></span> <span class='ocrx_word' id='word_1_184' title='bbox 402 3258 544 3336; x_wconf 83' lang='lat' dir='ltr'><strong>Domine,</strong></span> <span class='ocrx_word' id='word_1_185' title='bbox 558 3256 717 3316; x_wconf 83' lang='lat' dir='ltr'><strong>deferimus</strong></span> <span class='ocrx_word' id='word_1_186' title='bbox 730 3253 935 3326; x_wconf 86' lang='lat' dir='ltr'><strong>immolandas,</strong></span> <span class='ocrx_word' id='word_1_187' title='bbox 949 3273 1017 3332; x_wconf 82' lang='lat' dir='ltr'><strong>quae</strong></span> <span class='ocrx_word' id='word_1_188' title='bbox 1029 3273 1084 3332; x_wconf 91' lang='lat' dir='ltr'><strong>per</strong></span> <span class='ocrx_word' id='word_1_189' title='bbox 1097 3253 1206 3312; x_wconf 90' lang='lat' dir='ltr'><strong>merita</strong></span> <span class='ocrx_word' id='word_1_190' title='bbox 1219 3253 1315 3311; x_wconf 88' lang='lat' dir='ltr'><strong>beatae</strong></span> 
     </span>
     <span class='ocr_line' id='line_1_34' title="bbox 108 3333 1315 3417; baseline -0.007 -18"><span class='ocrx_word' id='word_1_191' title='bbox 108 3336 236 3417; x_wconf 81' lang='lat' dir='ltr'><strong>virginis</strong></span> <span class='ocrx_word' id='word_1_192' title='bbox 266 3338 369 3398; x_wconf 86' lang='lat' dir='ltr'><strong>Hildac</strong></span> <span class='ocrx_word' id='word_1_193' title='bbox 399 3359 455 3398; x_wconf 92' lang='lat' dir='ltr'><strong>nos</strong></span> <span class='ocrx_word' id='word_1_194' title='bbox 488 3344 550 3398; x_wconf 86' lang='lat' dir='ltr'><strong>tuae</strong></span> <span class='ocrx_word' id='word_1_195' title='bbox 583 3337 791 3397; x_wconf 89' lang='lat' dir='ltr'><strong>misericordiae</strong></span> <span class='ocrx_word' id='word_1_196' title='bbox 821 3334 1027 3394; x_wconf 82' lang='lat' dir='ltr'><strong>reconciliatos</strong></span> <span class='ocrx_word' id='word_1_197' title='bbox 1057 3335 1188 3394; x_wconf 89' lang='lat' dir='ltr'><strong>hostiam</strong></span> <span class='ocrx_word' id='word_1_198' title='bbox 1214 3333 1315 3391; x_wconf 84' lang='lat' dir='ltr'><strong>vivam</strong></span> 
     </span>
     <span class='ocr_line' id='line_1_35' title="bbox 107 3413 1023 3498; baseline -0.003 -19"><span class='ocrx_word' id='word_1_199' title='bbox 107 3418 224 3497; x_wconf 87' lang='lat' dir='ltr'><strong>tibique</strong></span> <span class='ocrx_word' id='word_1_200' title='bbox 236 3420 403 3498; x_wconf 89' lang='lat' dir='ltr'><strong>placentem</strong></span> <span class='ocrx_word' id='word_1_201' title='bbox 416 3419 552 3479; x_wconf 85' lang='lat' dir='ltr'><strong>efficiant</strong></span> <span class='ocrx_word' id='word_1_202' title='bbox 594 3419 654 3478; x_wconf 89' lang='lat' dir='ltr'><strong>Per</strong></span> <span class='ocrx_word' id='word_1_203' title='bbox 667 3415 951 3477; x_wconf 79' lang='lat' dir='ltr'><strong>Dominum-MS.</strong></span> <span class='ocrx_word' id='word_1_204' title='bbox 965 3413 1023 3497; x_wconf 66' lang='lat' dir='ltr'><strong>A]</strong></span> 
     </span>
    </p>

    <p class='ocr_par' dir='ltr' id='par_1_21' title="bbox 171 3500 723 3579">
     <span class='ocr_line' id='line_1_36' title="bbox 171 3500 723 3579; baseline -0.005 -18"><span class='ocrx_word' id='word_1_205' title='bbox 171 3500 355 3561; x_wconf 60' lang='lat' dir='ltr'><strong>Commouet).</strong></span> <span class='ocrx_word' id='word_1_206' title='bbox 398 3500 538 3579; x_wconf 83' lang='lat' dir='ltr'><strong>Quinque</strong></span> <span class='ocrx_word' id='word_1_207' title='bbox 551 3500 723 3578; x_wconf 89' lang='lat' dir='ltr'><strong>prudentes.</strong></span> 
     </span>
    </p>

    <p class='ocr_par' dir='ltr' id='par_1_22' title="bbox 169 3581 878 3656">
     <span class='ocr_line' id='line_1_37' title="bbox 169 3581 878 3656; baseline -0.001 -16"><span class='ocrx_word' id='word_1_208' title='bbox 169 3581 423 3642; x_wconf 80' lang='lat' dir='ltr'><strong>Poatcommuoto..</strong></span> <span class='ocrx_word' id='word_1_209' title='bbox 568 3652 570 3656; x_wconf 6' lang='grc' dir='ltr'><strong>λ</strong></span> <span class='ocrx_word' id='word_1_210' title='bbox 877 3651 878 3654; x_wconf 10' lang='lat'>¹</span> 
     </span>
    </p>

    <p class='ocr_par' dir='ltr' id='par_1_23' title="bbox 108 3654 1316 3903">
     <span class='ocr_line' id='line_1_38' title="bbox 185 3654 1316 3738; baseline -0.009 -17"><span class='ocrx_word' id='word_1_211' title='bbox 185 3661 317 3723; x_wconf 78' lang='lat' dir='ltr'><strong>Caelestis</strong></span> <span class='ocrx_word' id='word_1_212' title='bbox 330 3654 462 3722; x_wconf 86' lang='lat' dir='ltr'><strong>convivii</strong></span> <span class='ocrx_word' id='word_1_213' title='bbox 481 3661 685 3733; x_wconf 88' lang='lat' dir='ltr'><strong>benedictione</strong></span> <span class='ocrx_word' id='word_1_214' title='bbox 705 3664 844 3738; x_wconf 88' lang='lat' dir='ltr'><strong>percepta</strong></span> <span class='ocrx_word' id='word_1_215' title='bbox 856 3663 896 3731; x_wconf 90' lang='lat' dir='ltr'><strong>te,</strong></span> <span class='ocrx_word' id='word_1_216' title='bbox 910 3657 1050 3730; x_wconf 92' lang='lat' dir='ltr'><strong>Domine,</strong></span> <span class='ocrx_word' id='word_1_217' title='bbox 1065 3657 1265 3734; x_wconf 87' lang='lat' dir='ltr'><strong>deprecamur,</strong></span> <span class='ocrx_word' id='word_1_218' title='bbox 1279 3659 1316 3711; x_wconf 91' lang='lat' dir='ltr'><strong>ut</strong></span> 
     </span>
     <span class='ocr_line' id='line_1_39' title="bbox 108 3735 1315 3820; baseline -0.006 -20"><span class='ocrx_word' id='word_1_219' title='bbox 108 3740 151 3820; x_wconf 73' lang='lat' dir='ltr'><strong>qu</strong></span> <span class='ocrx_word' id='word_1_220' title='bbox 201 3743 290 3803; x_wconf 86' lang='lat' dir='ltr'><strong>nobis</strong></span> <span class='ocrx_word' id='word_1_221' title='bbox 309 3749 355 3802; x_wconf 89' lang='lat' dir='ltr'><strong>est</strong></span> <span class='ocrx_word' id='word_1_222' title='bbox 374 3749 602 3816; x_wconf 84' lang='lat' dir='ltr'><strong>sacramentum,</strong></span> <span class='ocrx_word' id='word_1_223' title='bbox 616 3742 818 3801; x_wconf 85' lang='lat' dir='ltr'><strong>intercedente</strong></span> <span class='ocrx_word' id='word_1_224' title='bbox 832 3741 920 3799; x_wconf 85' lang='lat' dir='ltr'><strong>beata</strong></span> <span class='ocrx_word' id='word_1_225' title='bbox 932 3739 1050 3819; x_wconf 83' lang='lat' dir='ltr'><strong>virgine</strong></span> <span class='ocrx_word' id='word_1_226' title='bbox 1063 3736 1168 3811; x_wconf 89' lang='lat' dir='ltr'><strong>Hilda,</strong></span> <span class='ocrx_word' id='word_1_227' title='bbox 1182 3735 1315 3796; x_wconf 88' lang='lat' dir='ltr'><strong>conferat</strong></span> 
     </span>
     <span class='ocr_line' id='line_1_40' title="bbox 108 3818 844 3903; baseline -0.004 -20"><span class='ocrx_word' id='word_1_228' title='bbox 108 3820 216 3884; x_wconf 84' lang='lat' dir='ltr'><strong>salutis</strong></span> <span class='ocrx_word' id='word_1_229' title='bbox 227 3825 375 3884; x_wconf 87' lang='lat' dir='ltr'><strong>effectum.</strong></span> <span class='ocrx_word' id='word_1_230' title='bbox 417 3825 477 3884; x_wconf 86' lang='lat' dir='ltr'><strong>Per</strong></span> <span class='ocrx_word' id='word_1_231' title='bbox 490 3822 773 3884; x_wconf 83' lang='lat' dir='ltr'><strong>Dominum-MS.</strong></span> <span class='ocrx_word' id='word_1_232' title='bbox 788 3818 844 3903; x_wconf 86' lang='lat' dir='ltr'><strong>A.]</strong></span> 
     </span>
    </p>
   </div>
   <div class='ocr_carea' id='block_1_5' title="bbox 175 3995 1067 4256">
    <p class='ocr_par' dir='ltr' id='par_1_24' title="bbox 175 3995 1067 4256">
     <span class='ocr_line' id='line_1_41' title="bbox 287 3995 1067 4116; baseline -0.014 -14"><span class='ocrx_word' id='word_1_233' title='bbox 287 4027 290 4031; x_wconf 79' lang='grc'>’</span> <span class='ocrx_word' id='word_1_234' title='bbox 359 3995 1067 4116; x_wconf 58' lang='lat' dir='ltr'><strong>se0÷1sm‚mm1s.&lt;srs.spa)</strong></span> 
     </span>
     <span class='ocr_line' id='line_1_42' title="bbox 175 4166 768 4256; baseline -0.012 -15"><span class='ocrx_word' id='word_1_235' title='bbox 175 4179 314 4256; x_wconf 78' lang='lat' dir='ltr'><strong>Officium.</strong></span> <span class='ocrx_word' id='word_1_236' title='bbox 356 4179 467 4240; x_wconf 87' lang='lat' dir='ltr'><strong>Justus</strong></span> <span class='ocrx_word' id='word_1_237' title='bbox 478 4183 515 4238; x_wconf 90' lang='lat' dir='ltr'><strong>ut</strong></span> <span class='ocrx_word' id='word_1_238' title='bbox 528 4176 628 4256; x_wconf 89' lang='lat' dir='ltr'><strong>palma</strong></span> <span class='ocrx_word' id='word_1_239' title='bbox 640 4166 768 4236; x_wconf 88' lang='lat' dir='ltr'><strong>florebit.</strong></span> 
     </span>
    </p>
   </div>
   <div class='ocr_carea' id='block_1_6' title="bbox 169 4261 1316 4426">
    <p class='ocr_par' dir='ltr' id='par_1_25' title="bbox 169 4261 1316 4426">
     <span class='ocr_line' id='line_1_43' title="bbox 169 4261 1316 4426; baseline -0.012 -23"><span class='ocrx_word' id='word_1_240' title='bbox 169 4261 296 4417; x_wconf 42' lang='lat' dir='ltr'><strong>gedippa,</strong></span> <span class='ocrx_word' id='word_1_241' title='bbox 320 4329 461 4416; x_wconf 87' lang='lat' dir='ltr'><strong>Domine,</strong></span> <span class='ocrx_word' id='word_1_242' title='bbox 484 4324 753 4418; x_wconf 85' lang='lat' dir='ltr'><strong>supplicationibus</strong></span> <span class='ocrx_word' id='word_1_243' title='bbox 774 4332 895 4408; x_wconf 88' lang='lat' dir='ltr'><strong>nostris,</strong></span> <span class='ocrx_word' id='word_1_244' title='bbox 918 4337 956 4392; x_wconf 87' lang='lat' dir='ltr'><strong>ut</strong></span> <span class='ocrx_word' id='word_1_245' title='bbox 977 4330 1060 4391; x_wconf 90' lang='lat' dir='ltr'><strong>beati</strong></span> <span class='ocrx_word' id='word_1_246' title='bbox 1083 4322 1157 4391; x_wconf 85' lang='lat' dir='ltr'><strong>Rufi</strong></span> <span class='ocrx_word' id='word_1_247' title='bbox 1177 4331 1316 4426; x_wconf 88' lang='lat' dir='ltr'><strong>interces-</strong></span> 
     </span>
    </p>
   </div>
   <div class='ocr_carea' id='block_1_7' title="bbox 110 4462 1314 4605">
    <p class='ocr_par' dir='ltr' id='par_1_26' title="bbox 110 4462 1314 4605">
     <span class='ocr_line' id='line_1_44' title="bbox 110 4462 1314 4605; baseline -0.011 -59"><span class='ocrx_word' id='word_1_248' title='bbox 110 4555 129 4604; x_wconf 47' lang='grc' dir='ltr'>ᾗ</span> <span class='ocrx_word' id='word_1_249' title='bbox 143 4497 183 4605; x_wconf 49' lang='lat' dir='ltr'><strong>uz</strong></span> <span class='ocrx_word' id='word_1_250' title='bbox 188 4462 315 4604; x_wconf 42' lang='grc'><strong>30383.</strong></span> <span class='ocrx_word' id='word_1_251' title='bbox 325 4497 347 4546; x_wconf 75' lang='lat' dir='ltr'><strong>a</strong></span> <span class='ocrx_word' id='word_1_252' title='bbox 357 4475 420 4544; x_wconf 74' lang='lat' dir='ltr'><strong>ndu</strong></span> <span class='ocrx_word' id='word_1_253' title='bbox 450 4473 505 4542; x_wconf 74' lang='lat' dir='ltr'><strong>&#39;uss</strong></span> <span class='ocrx_word' id='word_1_254' title='bbox 514 4492 633 4542; x_wconf 83' lang='lat' dir='ltr'><strong>Hereford</strong></span> <span class='ocrx_word' id='word_1_255' title='bbox 642 4490 729 4540; x_wconf 82' lang='lat' dir='ltr'><strong>Missel</strong></span> <span class='ocrx_word' id='word_1_256' title='bbox 738 4490 798 4536; x_wconf 87' lang='lat' dir='ltr'><strong>adds</strong></span> <span class='ocrx_word' id='word_1_257' title='bbox 807 4488 848 4536; x_wconf 87' lang='lat' dir='ltr'><strong>the</strong></span> <span class='ocrx_word' id='word_1_258' title='bbox 857 4487 939 4535; x_wconf 82' lang='lat' dir='ltr'><strong>words</strong></span> <span class='ocrx_word' id='word_1_259' title='bbox 950 4491 966 4518; x_wconf 87' lang='lat'>“</span> <span class='ocrx_word' id='word_1_260' title='bbox 974 4467 1120 4549; x_wconf 83' lang='lat' dir='ltr'><strong>quaesumus,</strong></span> <span class='ocrx_word' id='word_1_261' title='bbox 1129 4462 1158 4535; x_wconf 82' lang='lat' dir='ltr'><strong>ut</strong></span> <span class='ocrx_word' id='word_1_262' title='bbox 1171 4462 1242 4535; x_wconf 88' lang='lat' dir='ltr'><strong>nobis</strong></span> <span class='ocrx_word' id='word_1_263' title='bbox 1256 4498 1314 4547; x_wconf 87' lang='lat' dir='ltr'><strong>pro-</strong></span> 
     </span>
     <span class='ocr_line' id='line_1_45' title="bbox 128 4557 352 4605; baseline -0.009 0"><span class='ocrx_word' id='word_1_264' title='bbox 128 4569 143 4605; x_wconf 89' lang='lat' dir='ltr'><strong>c</strong></span> <span class='ocrx_word' id='word_1_265' title='bbox 265 4571 282 4604; x_wconf 92' lang='lat' dir='ltr'><strong>u</strong></span> <span class='ocrx_word' id='word_1_266' title='bbox 305 4557 352 4603; x_wconf 82' lang='lat' dir='ltr'><strong>m.”</strong></span> 
     </span>
    </p>
   </div>
   <div class='ocr_carea' id='block_1_8' title="bbox 0 0 1479 5002">
    <p class='ocr_par' dir='ltr' id='par_1_27' title="bbox 0 0 1479 5002">
     <span class='ocr_line' id='line_1_46' title="bbox 0 0 1479 5002; baseline 0 0"><span class='ocrx_word' id='word_1_267' title='bbox 0 0 1479 5002; x_wconf 95' lang='lat' dir='ltr'><strong> </strong></span> 
     </span>
    </p>
   </div>
  </div>
 </body>
</html>
