2946 5002
199 384 265 448 310
734 385 855 449 Prosm

198 548 1370 628 Quidtbivroswtnvfiueoerrmssuondfflmdoeevmufieem,

197 630 1351 708 OmnvirgopepereritincarnatumDeiPatrisunicumdominumJesum5

198 710 991 789 Quiprndamtibitulitctarmillamaxillamforat,

198 791 956 870 UtegremmEvoemfisfiatquostenerecupisl

198 872 855 966 EtmritatasparerefiliosDeoplacitos‚⁰

197 953 318 1030 Serapa
330 961 484 1012 cantantes
494 954 595 1011 dulda
606 955 786 1031 virginitatis
797 956 922 1025 cantica,

197 1034 1031 1112 Etviduarummaritisfidemnunoingemisintegram

196 1114 954 1193 Quimestcrisfidemnegarcpersuasensvirgini,

196 1191 1180 1269 Faminasnunovidesinbellocontsatefirctodncoeexsisterc,

195 1275 270 1346 Qun
281 1276 359 1333 filios
371 1295 440 1332 suos
451 1277 597 1353 instigant
608 1277 733 1348 sortiter,
746 1284 801 1334 tua
811 1284 960 1335 tormenta
972 1278 1097 1336 vincere.

195 1357 276 1426 Quin
289 1357 339 1416 eti
350 1364 405 1414 tua
416 1375 489 1414 vasa
500 1357 667 1414 meretrices
680 1357 827 1415 Dominus
839 1358 990 1431 emundat,

195 1437 237 1494 Et
249 1436 312 1494 baec
323 1437 382 1493 sibi
392 1437 504 1513 templa
515 1437 655 1514 dignatur
666 1438 779 1496 efficere
790 1446 924 1516 purgata

194 1516 255 1575 Pro
266 1517 315 1574 bis
325 1537 406 1576 nunc
424 1517 603 1576 beneficiis
593 1538 627 1574 m
646 1538 800 1576 commune
820 1520 984 1577 Dominum
996 1539 1051 1578 nos
1062 1520 1257 1597 glorificemus
1269 1526 1303 1579 et
1320 1539 1390 1599 peo-

193 1598 523 1818 Qffifflffiffl'
529 1679 699 1736 corroborat
717 1687 750 1737 et
760 1681 905 1757 prolapsis
917 1681 1072 1740 dexteram
1084 1682 1219 1760 porrigit,
1232 1682 1392 1742 utaltem

272 1759 482 1837 possano„
495 1779 656 1836 ursam

733 1919 851 1980 mx

335 2041 431 2099 Proca
442 2042 484 2099 ud
495 2041 652 2117 Sequania
665 2041 808 2100 Planctus
819 2041 914 2119 cygni.

336 2137 484 2213 Alleluya

274 2230 441 2288 Planum
459 2247 536 2288 mun
556 2247 747 2289 mammona
766 2247 833 2289 ura

273 2310 364 2368 Alitis
376 2313 465 2388 cygni
477 2313 530 2387 qui
541 2313 747 2369 transfretavit
759 2330 885 2387 equora.

274 2390 302 2448 0
315 2410 405 2467 quam
417 2411 515 2450 amare
524 2393 742 2450 lamentabatur
754 2392 838 2449 arida

274 2471 312 2530 Se
324 2472 512 2549 dereliquisse
522 2473 666 2550 florigera,
679 2480 712 2530 et
723 2473 831 2549 petisse
842 2472 905 2530 alta
916 2472 1019 2544 maria,

273 2551 373 2624 Mens,
387 2553 500 2612 Infelix
512 2573 578 2611 sum
590 2553 713 2626 avicula,
727 2553 786 2612 beu
798 2553 874 2610 mibi
886 2553 959 2629 quid
971 2572 1057 2628 agam
1070 2552 1185 2625 misera,

273 2633 383 2691 Pennis
395 2635 492 2692 soluta
504 2635 601 2711 ignita
612 2634 710 2691 lueida
721 2654 782 2692 nou
794 2640 896 2711 potero
909 2633 958 2690 bie
971 2634 1024 2709 §in
1036 2634 1147 2709 stella§

274 2713 373 2772 Undis
385 2715 512 2790 quatior,
525 2715 660 2791 procellis
672 2715 741 2772 hinc
754 2714 823 2772 inde
835 2733 916 2772 nunc
927 2714 1034 2770 allidor
1046 2715 1189 2772 exsulata

272 2791 376 2870 Angor
387 2796 467 2853 inter
478 2796 541 2852 alta
552 2795 703 2871 gurgitum
716 2795 874 2852 cacumina
953 2800 957 2806 '

273 2872 401 2932 Gemens
412 2875 517 2932 alatizo
528 2876 649 2933 intuens
661 2875 819 2945 mortifera,
833 2894 894 2932 non
906 2875 1102 2932 conscendens
1114 2894 1220 2952 supera
1234 2896 1241 2932 ι

273 2953 402 3012 (lerneus
414 2957 531 3032 copiosa
542 2956 666 3032 piscium
679 2954 836 3032 legumina,

272 3034 344 3093 Non
356 3054 431 3112 queo
443 3036 523 3095 inter
535 3037 640 3094 densos
652 3036 783 3112 gurgites
795 3055 942 3093 assumere
954 3035 1099 3093 alimenta
1111 3036 1233 3113 optima.

273 3115 365 3174 Ortus
378 3137 494 3176 occasus
506 3118 598 3195 plaga
611 3117 672 3194 poli
684 3115 889 3174 administrare
901 3115 1000 3174 lucida
1012 3116 1111 3174 sidera

272 3195 505 3275 Suffraginantes
518 3198 638 3270 Orbius,
652 3198 838 3274 effirgitantes
850 3198 944 3255 nubes
956 3197 1098 3255 occiduas

272 3278 354 3336 Dum
367 3279 429 3337 hnc
441 3279 598 3356 cogitaret„
611 3280 712 3352 tacita,
725 3280 809 3336 venit
820 3278 947 3336 rutilans
959 3277 1139 3336 adminicula
1155 3279 1292 3350 Aurora;

273 3359 429 3436 Opitulata
439 3361 585 3418 afflamine
598 3361 686 3437 coepit
698 3360 808 3416 virium
820 3378 992 3436 recuperare
1004 3359 1102 3416 fortia

273 3440 431 3500 Ovatizaus
439 3442 502 3517 jam
516 3441 658 3517 agebatur
668 3442 748 3498 inter
760 3441 821 3498 alta
834 3447 865 3497 et
877 3446 1015 3497 consueta
1027 3439 1153 3496 nubium
1165 3458 1240 3496 aera

272 3521 412 3580 Hilarata
424 3541 458 3579 ac
466 3521 627 3597 jocundata
640 3521 729 3578 nimis
741 3521 819 3578 facta
831 3520 1004 3596 penetralat
1016 3521 1143 3578 marium
1155 3520 1287 3577 flumina

272 3600 447 3660 Dulcimode
460 3603 607 3659 cantitans
620 3600 758 3658 volitavit
769 3601 807 3658 ad
820 3621 935 3659 amoeua
947 3600 1036 3658 arida

273 3680 446 3740 &ncunite
459 3683 557 3740 omnia
570 3682 608 3739 ad
621 3681 707 3738 littus
720 3687 751 3739 et
759 3682 938 3739 conclamate
951 3683 1079 3758 agmina,

273 3761 350 3840 Regi
363 3762 428 3820 Deo
441 3763 481 3821 sit
493 3763 588 3840 gloria
600 3772 719 3822 aterna.
1015 3758 1017 3761 ’

737 3940 839 4000 Lxx,

333 4062 446 4140 (Prono
458 4063 516 4141 ad)
528 4060 684 4137 Sequentia
696 4061 854 4120 Exsultate
867 4062 931 4119 Deo
943 4061 1090 4120 solventes
1102 4061 1206 4119 munia
1218 4060 1322 4120 laudis.

328 4159 472 4237 Alleluya

393 4253 575 4310 Exsuarrra
588 4250 654 4310 Deo
666 4251 784 4328 agmina
795 4250 902 4323 fidelia,

394 4333 545 4410 Tympano
558 4338 589 4389 et
602 4333 715 4391 cithara
727 4331 882 4409 organica
875 4352 881 4364 ·

297 4470 387 4517 ⁴118.
388 4471 529 4530 -placidos
703 4470 864 4532 †MS.-Qui
837 4484 911 4516 urire.
1087 4469 1200 4530 1MS·
1171 4467 1273 4520 -Quin

474 4528 683 4592 susm
858 4527 1101 4589 nus-manea
