<?xml version="1.0" encoding="UTF-8"?>
<!DOCTYPE html PUBLIC "-//W3C//DTD XHTML 1.0 Transitional//EN"
    "http://www.w3.org/TR/xhtml1/DTD/xhtml1-transitional.dtd">
<html xmlns="http://www.w3.org/1999/xhtml" xml:lang="en" lang="en">
 <head>
  <title>
</title>
<meta http-equiv="Content-Type" content="text/html;charset=utf-8" />
  <meta name='ocr-system' content='tesseract 3.04.00' />
  <meta name='ocr-capabilities' content='ocr_page ocr_carea ocr_par ocr_line ocrx_word'/>
</head>
<body>
  <div class='ocr_page' id='page_1' title='image "./missaleadusumin02churgoog_0265.png"; bbox 0 0 2946 5002; ppageno 0'>
   <div class='ocr_carea' id='block_1_1' title="bbox 590 365 1059 452">
    <p class='ocr_par' dir='ltr' id='par_1_1' title="bbox 590 365 1059 452">
     <span class='ocr_line' id='line_1_1' title="bbox 590 365 1059 452; baseline 0.006 -22"><span class='ocrx_word' id='word_1_1' title='bbox 590 365 699 431; x_wconf 79' lang='lat' dir='ltr'><strong>Misso</strong></span> <span class='ocrx_word' id='word_1_2' title='bbox 715 388 782 452; x_wconf 82' lang='lat' dir='ltr'><strong>pro</strong></span> <span class='ocrx_word' id='word_1_3' title='bbox 803 366 1059 436; x_wconf 77' lang='lat' dir='ltr'><strong>Poeaa&#39;teata&#39;bas.</strong></span> 
     </span>
    </p>
   </div>
   <div class='ocr_carea' id='block_1_2' title="bbox 345 580 1293 664">
    <p class='ocr_par' dir='ltr' id='par_1_2' title="bbox 345 580 1293 664">
     <span class='ocr_line' id='line_1_2' title="bbox 345 580 1293 664; baseline 0.011 -28"><span class='ocrx_word' id='word_1_4' title='bbox 345 580 436 639; x_wconf 79' lang='lat' dir='ltr'><strong>From</strong></span> <span class='ocrx_word' id='word_1_5' title='bbox 449 580 515 640; x_wconf 78' lang='lat' dir='ltr'><strong>MS.</strong></span> <span class='ocrx_word' id='word_1_6' title='bbox 531 581 682 658; x_wconf 67' lang='lat' dir='ltr'><strong>Breciucy.</strong></span> <span class='ocrx_word' id='word_1_7' title='bbox 730 583 807 642; x_wconf 80' lang='lat' dir='ltr'><strong>York</strong></span> <span class='ocrx_word' id='word_1_8' title='bbox 824 584 951 643; x_wconf 72' lang='lat' dir='ltr'><strong>Mirator</strong></span> <span class='ocrx_word' id='word_1_9' title='bbox 967 584 1097 661; x_wconf 74' lang='lat' dir='ltr'><strong>Librarp</strong></span> <span class='ocrx_word' id='word_1_10' title='bbox 1109 584 1184 664; x_wconf 76' lang='lat' dir='ltr'><strong>(arri.</strong></span> <span class='ocrx_word' id='word_1_11' title='bbox 1200 607 1225 645; x_wconf 92' lang='lat' dir='ltr'><strong>o.</strong></span> <span class='ocrx_word' id='word_1_12' title='bbox 1243 587 1260 645; x_wconf 83' lang='grc'><strong>9</strong></span> <span class='ocrx_word' id='word_1_13' title='bbox 1262 587 1293 664; x_wconf 82' lang='grc'><em>)</em></span> 
     </span>
    </p>
   </div>
   <div class='ocr_carea' id='block_1_3' title="bbox 226 715 1429 1418">
    <p class='ocr_par' dir='ltr' id='par_1_3' title="bbox 603 715 1045 778">
     <span class='ocr_line' id='line_1_3' title="bbox 603 715 1045 778; baseline 0.011 -6"><span class='ocrx_word' id='word_1_14' title='bbox 603 715 704 774; x_wconf 79' lang='lat' dir='ltr'><strong>Mrssa</strong></span> <span class='ocrx_word' id='word_1_15' title='bbox 724 732 781 774; x_wconf 78' lang='lat' dir='ltr'><strong>rao</strong></span> <span class='ocrx_word' id='word_1_16' title='bbox 802 715 1045 778; x_wconf 64' lang='lat' dir='ltr'><strong>Pammenem.</strong></span> 
     </span>
    </p>

    <p class='ocr_par' dir='ltr' id='par_1_4' title="bbox 294 792 514 850">
     <span class='ocr_line' id='line_1_4' title="bbox 294 792 514 850; baseline 0.005 0"><span class='ocrx_word' id='word_1_17' title='bbox 294 792 401 850; x_wconf 78' lang='lat' dir='ltr'><strong>Orotab.</strong></span> <span class='ocrx_word' id='word_1_18' title='bbox 500 794 514 834; x_wconf 62' lang='grc' dir='ltr'><em>Γ</em></span> 
     </span>
    </p>

    <p class='ocr_par' dir='ltr' id='par_1_5' title="bbox 226 871 1429 1094">
     <span class='ocr_line' id='line_1_5' title="bbox 288 871 1429 956; baseline 0.01 -27"><span class='ocrx_word' id='word_1_19' title='bbox 288 871 414 943; x_wconf 78' lang='lat' dir='ltr'>Exaudi,</span> <span class='ocrx_word' id='word_1_20' title='bbox 428 893 605 956; x_wconf 68' lang='lat' dir='ltr'><strong>quaesumus,</strong></span> <span class='ocrx_word' id='word_1_21' title='bbox 627 877 764 948; x_wconf 86' lang='lat' dir='ltr'><strong>Domine,</strong></span> <span class='ocrx_word' id='word_1_22' title='bbox 787 878 952 955; x_wconf 90' lang='lat' dir='ltr'><strong>supplicum</strong></span> <span class='ocrx_word' id='word_1_23' title='bbox 966 899 1074 955; x_wconf 87' lang='lat' dir='ltr'><strong>preces,</strong></span> <span class='ocrx_word' id='word_1_24' title='bbox 1096 888 1127 938; x_wconf 89' lang='lat' dir='ltr'><strong>et</strong></span> <span class='ocrx_word' id='word_1_25' title='bbox 1147 882 1356 940; x_wconf 88' lang='lat' dir='ltr'><strong>confitentium</strong></span> <span class='ocrx_word' id='word_1_26' title='bbox 1373 881 1429 940; x_wconf 88' lang='lat' dir='ltr'><strong>tibi</strong></span> 
     </span>
     <span class='ocr_line' id='line_1_6' title="bbox 226 954 1425 1040; baseline 0.009 -30"><span class='ocrx_word' id='word_1_27' title='bbox 226 973 312 1030; x_wconf 88' lang='lat' dir='ltr'><strong>parce</strong></span> <span class='ocrx_word' id='word_1_28' title='bbox 325 954 451 1029; x_wconf 85' lang='lat' dir='ltr'><strong>peccatis</strong></span> <span class='ocrx_word' id='word_1_29' title='bbox 457 975 467 1027; x_wconf 81' lang='lat'><em>3</em></span> <span class='ocrx_word' id='word_1_30' title='bbox 481 962 517 1012; x_wconf 89' lang='lat' dir='ltr'><strong>ut</strong></span> <span class='ocrx_word' id='word_1_31' title='bbox 529 957 642 1034; x_wconf 87' lang='lat' dir='ltr'><strong>pariter</strong></span> <span class='ocrx_word' id='word_1_32' title='bbox 654 957 739 1016; x_wconf 91' lang='lat' dir='ltr'><strong>nobis</strong></span> <span class='ocrx_word' id='word_1_33' title='bbox 752 959 970 1036; x_wconf 74' lang='lat' dir='ltr'><strong>indulgentiam</strong></span> <span class='ocrx_word' id='word_1_34' title='bbox 982 961 1098 1020; x_wconf 82' lang='lat' dir='ltr'><strong>tribuas</strong></span> <span class='ocrx_word' id='word_1_35' title='bbox 1111 963 1257 1040; x_wconf 84' lang='lat' dir='ltr'><strong>benignus</strong></span> <span class='ocrx_word' id='word_1_36' title='bbox 1271 970 1303 1021; x_wconf 90' lang='lat' dir='ltr'><strong>et</strong></span> <span class='ocrx_word' id='word_1_37' title='bbox 1317 983 1425 1040; x_wconf 88' lang='lat' dir='ltr'><strong>pacem</strong></span> 
     </span>
     <span class='ocr_line' id='line_1_7' title="bbox 229 1034 475 1094; baseline 0.004 -2"><span class='ocrx_word' id='word_1_38' title='bbox 229 1035 289 1092; x_wconf 90' lang='lat' dir='ltr'><strong>Per</strong></span> <span class='ocrx_word' id='word_1_39' title='bbox 302 1034 475 1094; x_wconf 88' lang='lat' dir='ltr'><strong>Dominum.</strong></span> 
     </span>
    </p>

    <p class='ocr_par' dir='ltr' id='par_1_6' title="bbox 289 1114 408 1174">
     <span class='ocr_line' id='line_1_8' title="bbox 289 1114 408 1174; baseline -0.008 0"><span class='ocrx_word' id='word_1_40' title='bbox 289 1114 408 1174; x_wconf 79' lang='lat' dir='ltr'><strong>Secreta.</strong></span> 
     </span>
    </p>

    <p class='ocr_par' dir='ltr' id='par_1_7' title="bbox 229 1195 1429 1414">
     <span class='ocr_line' id='line_1_9' title="bbox 289 1195 1429 1276; baseline 0.01 -23"><span class='ocrx_word' id='word_1_41' title='bbox 289 1195 414 1253; x_wconf 75' lang='lat' dir='ltr'><strong>Hostias</strong></span> <span class='ocrx_word' id='word_1_42' title='bbox 427 1197 491 1270; x_wconf 90' lang='lat' dir='ltr'><strong>tibi,</strong></span> <span class='ocrx_word' id='word_1_43' title='bbox 504 1198 642 1270; x_wconf 85' lang='lat' dir='ltr'>Domine,</span> <span class='ocrx_word' id='word_1_44' title='bbox 653 1199 827 1276; x_wconf 72' lang='lat' dir='ltr'><strong>placationis</strong></span> <span class='ocrx_word' id='word_1_45' title='bbox 841 1202 1007 1275; x_wconf 71' lang='lat' dir='ltr'><strong>offerimus,</strong></span> <span class='ocrx_word' id='word_1_46' title='bbox 1021 1204 1214 1276; x_wconf 79' lang='lat' dir='ltr'><strong>obsecrantes,</strong></span> <span class='ocrx_word' id='word_1_47' title='bbox 1227 1211 1264 1262; x_wconf 91' lang='lat' dir='ltr'><strong>ut</strong></span> <span class='ocrx_word' id='word_1_48' title='bbox 1278 1211 1310 1263; x_wconf 87' lang='lat' dir='ltr'><strong>et</strong></span> <span class='ocrx_word' id='word_1_49' title='bbox 1323 1205 1429 1263; x_wconf 86' lang='lat' dir='ltr'><strong>delicta</strong></span> 
     </span>
     <span class='ocr_line' id='line_1_10' title="bbox 229 1278 1427 1414; baseline 0.009 -81"><span class='ocrx_word' id='word_1_50' title='bbox 229 1282 330 1414; x_wconf 67' lang='lat' dir='ltr'><strong>nostIrp</strong></span> <span class='ocrx_word' id='word_1_51' title='bbox 343 1278 500 1335; x_wconf 88' lang='lat' dir='ltr'><strong>miseratus</strong></span> <span class='ocrx_word' id='word_1_52' title='bbox 513 1279 655 1353; x_wconf 84' lang='lat' dir='ltr'><strong>absolvas,</strong></span> <span class='ocrx_word' id='word_1_53' title='bbox 670 1287 701 1338; x_wconf 87' lang='lat' dir='ltr'><strong>et</strong></span> <span class='ocrx_word' id='word_1_54' title='bbox 714 1283 854 1339; x_wconf 87' lang='lat' dir='ltr'><strong>nutantia</strong></span> <span class='ocrx_word' id='word_1_55' title='bbox 867 1284 954 1341; x_wconf 88' lang='lat' dir='ltr'><strong>eorda</strong></span> <span class='ocrx_word' id='word_1_56' title='bbox 967 1290 1000 1341; x_wconf 92' lang='lat' dir='ltr'><strong>tu</strong></span> <span class='ocrx_word' id='word_1_57' title='bbox 1015 1284 1133 1362; x_wconf 86' lang='lat' dir='ltr'><strong>dirigas.</strong></span> <span class='ocrx_word' id='word_1_58' title='bbox 1176 1285 1235 1343; x_wconf 89' lang='lat' dir='ltr'><strong>Per</strong></span> <span class='ocrx_word' id='word_1_59' title='bbox 1255 1287 1427 1344; x_wconf 90' lang='lat' dir='ltr'><strong>Dominum.</strong></span> 
     </span>
    </p>

    <p class='ocr_par' dir='ltr' id='par_1_8' title="bbox 318 1359 531 1418">
     <span class='ocr_line' id='line_1_11' title="bbox 318 1359 531 1418; baseline 0.014 -3"><span class='ocrx_word' id='word_1_60' title='bbox 318 1359 531 1418; x_wconf 82' lang='lat' dir='ltr'><strong>oatcommanio.</strong></span> 
     </span>
    </p>
   </div>
   <div class='ocr_carea' id='block_1_4' title="bbox 230 1437 1429 1600">
    <p class='ocr_par' dir='ltr' id='par_1_9' title="bbox 230 1437 1429 1600">
     <span class='ocr_line' id='line_1_12' title="bbox 290 1437 1429 1522; baseline 0.011 -28"><span class='ocrx_word' id='word_1_61' title='bbox 290 1437 403 1496; x_wconf 86' lang='lat' dir='ltr'><strong>Praesta</strong></span> <span class='ocrx_word' id='word_1_62' title='bbox 423 1441 516 1512; x_wconf 88' lang='lat' dir='ltr'><strong>nobis,</strong></span> <span class='ocrx_word' id='word_1_63' title='bbox 535 1447 644 1499; x_wconf 86' lang='lat' dir='ltr'><strong>aeterne</strong></span> <span class='ocrx_word' id='word_1_64' title='bbox 666 1442 810 1515; x_wconf 78' lang='lat' dir='ltr'><strong>Salvator,</strong></span> <span class='ocrx_word' id='word_1_65' title='bbox 828 1450 865 1501; x_wconf 91' lang='lat' dir='ltr'><strong>ut</strong></span> <span class='ocrx_word' id='word_1_66' title='bbox 888 1445 1083 1522; x_wconf 74' lang='lat' dir='ltr'><strong>percipientes</strong></span> <span class='ocrx_word' id='word_1_67' title='bbox 1099 1447 1154 1505; x_wconf 88' lang='lat' dir='ltr'><strong>hoc</strong></span> <span class='ocrx_word' id='word_1_68' title='bbox 1172 1467 1295 1506; x_wconf 89' lang='lat' dir='ltr'><strong>munere</strong></span> <span class='ocrx_word' id='word_1_69' title='bbox 1312 1448 1429 1506; x_wconf 89' lang='lat' dir='ltr'><strong>veniam</strong></span> 
     </span>
     <span class='ocr_line' id='line_1_13' title="bbox 230 1521 965 1600; baseline 0.01 -24"><span class='ocrx_word' id='word_1_70' title='bbox 230 1525 426 1594; x_wconf 86' lang='lat' dir='ltr'><strong>peccatorum,</strong></span> <span class='ocrx_word' id='word_1_71' title='bbox 440 1521 576 1599; x_wconf 81' lang='lat' dir='ltr'><strong>deinceps</strong></span> <span class='ocrx_word' id='word_1_72' title='bbox 588 1530 707 1600; x_wconf 88' lang='lat' dir='ltr'><strong>peccata</strong></span> <span class='ocrx_word' id='word_1_73' title='bbox 720 1525 856 1582; x_wconf 78' lang='lat' dir='ltr'><strong>vitemus,</strong></span> <span class='ocrx_word' id='word_1_74' title='bbox 899 1526 965 1584; x_wconf 91' lang='lat' dir='ltr'><strong>Per.</strong></span> 
     </span>
    </p>
   </div>
   <div class='ocr_carea' id='block_1_5' title="bbox 672 1736 992 1798">
    <p class='ocr_par' dir='ltr' id='par_1_10' title="bbox 672 1736 992 1798">
     <span class='ocr_line' id='line_1_14' title="bbox 672 1736 992 1798; baseline 0.009 -4"><span class='ocrx_word' id='word_1_75' title='bbox 672 1736 763 1795; x_wconf 79' lang='lat' dir='ltr'><strong>From</strong></span> <span class='ocrx_word' id='word_1_76' title='bbox 777 1738 821 1796; x_wconf 75' lang='lat' dir='ltr'><strong>ra</strong></span> <span class='ocrx_word' id='word_1_77' title='bbox 835 1758 913 1796; x_wconf 74' lang='lat' dir='ltr'><strong>caete</strong></span> <span class='ocrx_word' id='word_1_78' title='bbox 926 1739 966 1795; x_wconf 84' lang='lat' dir='ltr'><em>M</em></span> <span class='ocrx_word' id='word_1_79' title='bbox 963 1738 992 1798; x_wconf 82' lang='lat' dir='ltr'><strong>S.</strong></span> 
     </span>
    </p>
   </div>
   <div class='ocr_carea' id='block_1_6' title="bbox 225 1855 1436 2661">
    <p class='ocr_par' dir='ltr' id='par_1_11' title="bbox 295 1855 1105 1994">
     <span class='ocr_line' id='line_1_15' title="bbox 295 1855 1105 1994; baseline 0.004 -82"><span class='ocrx_word' id='word_1_80' title='bbox 295 1935 319 1994; x_wconf 76' lang='lat' dir='ltr'><em>O</em></span> <span class='ocrx_word' id='word_1_81' title='bbox 375 1936 381 1950; x_wconf 29' lang='grc' dir='ltr'>ι</span> <span class='ocrx_word' id='word_1_82' title='bbox 555 1855 681 1915; x_wconf 77' lang='lat' dir='ltr'><strong>Corma</strong></span> <span class='ocrx_word' id='word_1_83' title='bbox 700 1873 825 1915; x_wconf 74' lang='lat' dir='ltr'><strong>sumens</strong></span> <span class='ocrx_word' id='word_1_84' title='bbox 847 1874 931 1938; x_wconf 74' lang='lat' dir='ltr'><strong>nanu</strong></span> <span class='ocrx_word' id='word_1_85' title='bbox 951 1857 1105 1915; x_wconf 72' lang='lat' dir='ltr'><strong>Acerras.</strong></span> 
     </span>
    </p>

    <p class='ocr_par' dir='ltr' id='par_1_12' title="bbox 225 1946 1434 2417">
     <span class='ocr_line' id='line_1_16' title="bbox 293 1946 1432 2095; baseline 0.001 -20"><span class='ocrx_word' id='word_1_86' title='bbox 293 1946 431 2076; x_wconf 52' lang='lat' dir='ltr'><strong>Elglteapiae</strong></span> <span class='ocrx_word' id='word_1_87' title='bbox 444 2023 513 2089; x_wconf 75' lang='lat' dir='ltr'><strong>tua,</strong></span> <span class='ocrx_word' id='word_1_88' title='bbox 529 2018 666 2089; x_wconf 89' lang='lat' dir='ltr'><strong>Domine,</strong></span> <span class='ocrx_word' id='word_1_89' title='bbox 677 2037 777 2093; x_wconf 90' lang='lat' dir='ltr'><strong>preces</strong></span> <span class='ocrx_word' id='word_1_90' title='bbox 789 2018 922 2095; x_wconf 88' lang='lat' dir='ltr'><strong>placatus</strong></span> <span class='ocrx_word' id='word_1_91' title='bbox 935 2018 1069 2090; x_wconf 88' lang='lat' dir='ltr'><strong>admitte,</strong></span> <span class='ocrx_word' id='word_1_92' title='bbox 1085 2024 1120 2077; x_wconf 91' lang='lat' dir='ltr'><strong>ut</strong></span> <span class='ocrx_word' id='word_1_93' title='bbox 1133 2018 1291 2077; x_wconf 86' lang='lat' dir='ltr'><strong>destructis</strong></span> <span class='ocrx_word' id='word_1_94' title='bbox 1305 2019 1432 2078; x_wconf 88' lang='lat' dir='ltr'><strong>adversi·</strong></span> 
     </span>
     <span class='ocr_line' id='line_1_17' title="bbox 233 2098 1285 2237; baseline 0.002 -82"><span class='ocrx_word' id='word_1_95' title='bbox 233 2098 346 2237; x_wconf 45' lang='lat' dir='ltr'><strong>tatibqus</strong></span> <span class='ocrx_word' id='word_1_96' title='bbox 359 2104 407 2236; x_wconf 52' lang='lat' dir='ltr'><strong>epa</strong></span> <span class='ocrx_word' id='word_1_97' title='bbox 403 2099 550 2156; x_wconf 88' lang='lat' dir='ltr'><strong>erroribus</strong></span> <span class='ocrx_word' id='word_1_98' title='bbox 564 2098 709 2156; x_wconf 89' lang='lat' dir='ltr'><strong>universis</strong></span> <span class='ocrx_word' id='word_1_99' title='bbox 723 2118 824 2156; x_wconf 89' lang='lat' dir='ltr'><strong>secura</strong></span> <span class='ocrx_word' id='word_1_100' title='bbox 837 2099 895 2156; x_wconf 89' lang='lat' dir='ltr'><strong>tibi</strong></span> <span class='ocrx_word' id='word_1_101' title='bbox 908 2100 1017 2158; x_wconf 87' lang='lat' dir='ltr'><strong>serviat</strong></span> <span class='ocrx_word' id='word_1_102' title='bbox 1031 2100 1176 2160; x_wconf 86' lang='lat' dir='ltr'><strong>libertate.</strong></span> <span class='ocrx_word' id='word_1_103' title='bbox 1220 2100 1285 2158; x_wconf 88' lang='lat' dir='ltr'><strong>Par.</strong></span> 
     </span>
     <span class='ocr_line' id='line_1_18' title="bbox 225 2199 1434 2336; baseline 0.002 -20"><span class='ocrx_word' id='word_1_104' title='bbox 225 2296 228 2300; x_wconf 89' lang='lat'>-</span> <span class='ocrx_word' id='word_1_105' title='bbox 295 2199 421 2335; x_wconf 56' lang='lat' dir='ltr'><strong>Perbrteege</strong></span> <span class='ocrx_word' id='word_1_106' title='bbox 434 2279 497 2332; x_wconf 89' lang='lat' dir='ltr'><strong>nos,</strong></span> <span class='ocrx_word' id='word_1_107' title='bbox 512 2279 688 2336; x_wconf 85' lang='lat' dir='ltr'><strong>quaesumus,</strong></span> <span class='ocrx_word' id='word_1_108' title='bbox 705 2260 842 2332; x_wconf 87' lang='lat' dir='ltr'><strong>Domine,</strong></span> <span class='ocrx_word' id='word_1_109' title='bbox 857 2260 918 2318; x_wconf 87' lang='lat' dir='ltr'><strong>tuis</strong></span> <span class='ocrx_word' id='word_1_110' title='bbox 931 2261 1080 2336; x_wconf 84' lang='lat' dir='ltr'><strong>mysteriis</strong></span> <span class='ocrx_word' id='word_1_111' title='bbox 1094 2262 1263 2333; x_wconf 84' lang='lat' dir='ltr'><strong>servientes,</strong></span> <span class='ocrx_word' id='word_1_112' title='bbox 1275 2268 1312 2320; x_wconf 89' lang='lat' dir='ltr'><strong>ut</strong></span> <span class='ocrx_word' id='word_1_113' title='bbox 1326 2261 1434 2320; x_wconf 86' lang='lat' dir='ltr'><strong>divinis</strong></span> 
     </span>
     <span class='ocr_line' id='line_1_19' title="bbox 235 2340 1181 2417; baseline 0.003 -20"><span class='ocrx_word' id='word_1_114' title='bbox 235 2341 322 2398; x_wconf 91' lang='lat' dir='ltr'><strong>rebus</strong></span> <span class='ocrx_word' id='word_1_115' title='bbox 336 2340 470 2416; x_wconf 91' lang='lat' dir='ltr'><strong>subjecti,</strong></span> <span class='ocrx_word' id='word_1_116' title='bbox 485 2347 515 2398; x_wconf 91' lang='lat' dir='ltr'><strong>et</strong></span> <span class='ocrx_word' id='word_1_117' title='bbox 528 2360 647 2417; x_wconf 87' lang='lat' dir='ltr'><strong>corpore</strong></span> <span class='ocrx_word' id='word_1_118' title='bbox 660 2341 718 2398; x_wconf 91' lang='lat' dir='ltr'><strong>tibi</strong></span> <span class='ocrx_word' id='word_1_119' title='bbox 730 2341 909 2399; x_wconf 85' lang='lat' dir='ltr'><strong>famulemur</strong></span> <span class='ocrx_word' id='word_1_120' title='bbox 922 2351 952 2399; x_wconf 91' lang='lat' dir='ltr'><strong>et</strong></span> <span class='ocrx_word' id='word_1_121' title='bbox 966 2347 1073 2400; x_wconf 88' lang='lat' dir='ltr'><strong>mente.</strong></span> <span class='ocrx_word' id='word_1_122' title='bbox 1116 2343 1181 2400; x_wconf 90' lang='lat' dir='ltr'><strong>Per.</strong></span> 
     </span>
    </p>

    <p class='ocr_par' dir='ltr' id='par_1_13' title="bbox 295 2421 538 2479">
     <span class='ocr_line' id='line_1_20' title="bbox 295 2421 538 2479; baseline 0 0"><span class='ocrx_word' id='word_1_123' title='bbox 295 2421 538 2479; x_wconf 78' lang='lat' dir='ltr'><strong>Poeteommaaio.</strong></span> 
     </span>
    </p>

    <p class='ocr_par' dir='ltr' id='par_1_14' title="bbox 237 2502 1436 2661">
     <span class='ocr_line' id='line_1_21' title="bbox 298 2502 1436 2582; baseline 0.003 -23"><span class='ocrx_word' id='word_1_124' title='bbox 298 2502 482 2573; x_wconf 85' lang='lat' dir='ltr'><strong>Quaesumus‚</strong></span> <span class='ocrx_word' id='word_1_125' title='bbox 492 2502 620 2560; x_wconf 90' lang='lat' dir='ltr'><strong>Domine</strong></span> <span class='ocrx_word' id='word_1_126' title='bbox 630 2503 713 2559; x_wconf 90' lang='lat' dir='ltr'><strong>Deus</strong></span> <span class='ocrx_word' id='word_1_127' title='bbox 726 2509 835 2575; x_wconf 88' lang='lat' dir='ltr'><strong>noster,</strong></span> <span class='ocrx_word' id='word_1_128' title='bbox 848 2508 883 2560; x_wconf 89' lang='lat' dir='ltr'><strong>ut</strong></span> <span class='ocrx_word' id='word_1_129' title='bbox 893 2523 967 2579; x_wconf 87' lang='lat' dir='ltr'><strong>quos</strong></span> <span class='ocrx_word' id='word_1_130' title='bbox 976 2503 1080 2562; x_wconf 88' lang='lat' dir='ltr'><strong>divina</strong></span> <span class='ocrx_word' id='word_1_131' title='bbox 1092 2503 1198 2562; x_wconf 86' lang='lat' dir='ltr'><strong>tribuis</strong></span> <span class='ocrx_word' id='word_1_132' title='bbox 1208 2503 1436 2582; x_wconf 85' lang='lat' dir='ltr'><strong>participatione</strong></span> 
     </span>
     <span class='ocr_line' id='line_1_22' title="bbox 237 2583 990 2661; baseline 0.001 -20"><span class='ocrx_word' id='word_1_133' title='bbox 237 2583 371 2660; x_wconf 81' lang='lat' dir='ltr'><strong>gaudere,</strong></span> <span class='ocrx_word' id='word_1_134' title='bbox 387 2583 525 2642; x_wconf 88' lang='lat' dir='ltr'><strong>humanis</strong></span> <span class='ocrx_word' id='word_1_135' title='bbox 537 2603 576 2641; x_wconf 89' lang='lat' dir='ltr'><strong>ne</strong></span> <span class='ocrx_word' id='word_1_136' title='bbox 589 2583 668 2641; x_wconf 89' lang='lat' dir='ltr'><strong>sinas</strong></span> <span class='ocrx_word' id='word_1_137' title='bbox 681 2584 832 2659; x_wconf 82' lang='lat' dir='ltr'><strong>subjacere</strong></span> <span class='ocrx_word' id='word_1_138' title='bbox 845 2585 990 2661; x_wconf 88' lang='lat' dir='ltr'><strong>periculis.</strong></span> 
     </span>
    </p>
   </div>
   <div class='ocr_carea' id='block_1_7' title="bbox 676 2801 995 2864">
    <p class='ocr_par' dir='ltr' id='par_1_15' title="bbox 676 2801 995 2864">
     <span class='ocr_line' id='line_1_23' title="bbox 676 2801 995 2864; baseline 0.009 -4"><span class='ocrx_word' id='word_1_139' title='bbox 676 2802 768 2861; x_wconf 82' lang='lat' dir='ltr'><strong>From</strong></span> <span class='ocrx_word' id='word_1_140' title='bbox 782 2803 826 2861; x_wconf 74' lang='lat' dir='ltr'><strong>tle</strong></span> <span class='ocrx_word' id='word_1_141' title='bbox 839 2823 917 2861; x_wconf 86' lang='lat' dir='ltr'><strong>acme</strong></span> <span class='ocrx_word' id='word_1_142' title='bbox 929 2801 995 2864; x_wconf 81' lang='lat' dir='ltr'><strong>MS.</strong></span> 
     </span>
    </p>
   </div>
   <div class='ocr_carea' id='block_1_8' title="bbox 240 2921 1441 3971">
    <p class='ocr_par' dir='ltr' id='par_1_16' title="bbox 587 2921 1091 2982">
     <span class='ocr_line' id='line_1_24' title="bbox 587 2921 1091 2982; baseline 0 -2"><span class='ocrx_word' id='word_1_143' title='bbox 587 2922 654 2980; x_wconf 85' lang='lat' dir='ltr'><strong>Pao</strong></span> <span class='ocrx_word' id='word_1_144' title='bbox 675 2938 832 2981; x_wconf 79' lang='lat' dir='ltr'><strong>corrasam</strong></span> <span class='ocrx_word' id='word_1_145' title='bbox 852 2937 912 2979; x_wconf 81' lang='lat' dir='ltr'><strong>sim</strong></span> <span class='ocrx_word' id='word_1_146' title='bbox 933 2921 1091 2982; x_wconf 79' lang='lat' dir='ltr'><strong>Pnccams.</strong></span> 
     </span>
    </p>

    <p class='ocr_par' dir='ltr' id='par_1_17' title="bbox 302 3003 410 3063">
     <span class='ocr_line' id='line_1_25' title="bbox 302 3003 410 3063; baseline -0.019 0"><span class='ocrx_word' id='word_1_147' title='bbox 302 3003 410 3063; x_wconf 77' lang='lat' dir='ltr'><strong>Oratio.</strong></span> 
     </span>
    </p>

    <p class='ocr_par' dir='ltr' id='par_1_18' title="bbox 240 3082 1439 3324">
     <span class='ocr_line' id='line_1_26' title="bbox 302 3082 1438 3162; baseline -0.001 -19"><span class='ocrx_word' id='word_1_148' title='bbox 302 3085 327 3143; x_wconf 95' lang='grc' dir='ltr'><strong>Ο</strong></span> <span class='ocrx_word' id='word_1_149' title='bbox 355 3083 531 3160; x_wconf 87' lang='lat' dir='ltr'><strong>sempiterne</strong></span> <span class='ocrx_word' id='word_1_150' title='bbox 559 3085 651 3156; x_wconf 86' lang='lat' dir='ltr'><strong>Deus,</strong></span> <span class='ocrx_word' id='word_1_151' title='bbox 672 3083 859 3142; x_wconf 91' lang='lat' dir='ltr'><strong>clementiam</strong></span> <span class='ocrx_word' id='word_1_152' title='bbox 886 3088 971 3140; x_wconf 86' lang='lat' dir='ltr'><strong>tuam</strong></span> <span class='ocrx_word' id='word_1_153' title='bbox 990 3083 1145 3142; x_wconf 87' lang='lat' dir='ltr'><strong>humiliter</strong></span> <span class='ocrx_word' id='word_1_154' title='bbox 1167 3082 1361 3159; x_wconf 84' lang='lat' dir='ltr'><strong>imploramus</strong></span> <span class='ocrx_word' id='word_1_155' title='bbox 1384 3104 1438 3162; x_wconf 88' lang='lat' dir='ltr'><strong>pro</strong></span> 
     </span>
     <span class='ocr_line' id='line_1_27' title="bbox 240 3163 1439 3243; baseline -0.001 -19"><span class='ocrx_word' id='word_1_156' title='bbox 240 3166 359 3224; x_wconf 89' lang='lat' dir='ltr'><strong>famulis</strong></span> <span class='ocrx_word' id='word_1_157' title='bbox 372 3172 402 3224; x_wconf 89' lang='lat' dir='ltr'><strong>et</strong></span> <span class='ocrx_word' id='word_1_158' title='bbox 416 3166 581 3223; x_wconf 83' lang='lat' dir='ltr'><strong>famulabus</strong></span> <span class='ocrx_word' id='word_1_159' title='bbox 594 3167 655 3223; x_wconf 88' lang='lat' dir='ltr'><strong>tuis</strong></span> <span class='ocrx_word' id='word_1_160' title='bbox 668 3165 721 3241; x_wconf 87' lang='lat' dir='ltr'><strong>qui</strong></span> <span class='ocrx_word' id='word_1_161' title='bbox 734 3165 819 3222; x_wconf 90' lang='lat' dir='ltr'><strong>nobis</strong></span> <span class='ocrx_word' id='word_1_162' title='bbox 832 3163 957 3222; x_wconf 88' lang='lat' dir='ltr'><strong>confessi</strong></span> <span class='ocrx_word' id='word_1_163' title='bbox 970 3171 1040 3222; x_wconf 90' lang='lat' dir='ltr'><strong>sunt</strong></span> <span class='ocrx_word' id='word_1_164' title='bbox 1053 3184 1107 3222; x_wconf 89' lang='lat' dir='ltr'><strong>sua</strong></span> <span class='ocrx_word' id='word_1_165' title='bbox 1119 3170 1246 3241; x_wconf 88' lang='lat' dir='ltr'><strong>peccata,</strong></span> <span class='ocrx_word' id='word_1_166' title='bbox 1258 3170 1295 3222; x_wconf 86' lang='lat' dir='ltr'><strong>ut</strong></span> <span class='ocrx_word' id='word_1_167' title='bbox 1308 3165 1439 3243; x_wconf 85' lang='lat' dir='ltr'><strong>digneris</strong></span> 
     </span>
     <span class='ocr_line' id='line_1_28' title="bbox 240 3244 1066 3324; baseline -0.001 -20"><span class='ocrx_word' id='word_1_168' title='bbox 240 3248 300 3304; x_wconf 92' lang='lat' dir='ltr'><strong>illis</strong></span> <span class='ocrx_word' id='word_1_169' title='bbox 313 3247 466 3324; x_wconf 84' lang='lat' dir='ltr'><strong>indulgere</strong></span> <span class='ocrx_word' id='word_1_170' title='bbox 480 3254 511 3304; x_wconf 91' lang='lat' dir='ltr'><strong>et</strong></span> <span class='ocrx_word' id='word_1_171' title='bbox 524 3247 618 3304; x_wconf 91' lang='lat' dir='ltr'><strong>vitam</strong></span> <span class='ocrx_word' id='word_1_172' title='bbox 632 3252 773 3304; x_wconf 78' lang='lat' dir='ltr'><strong>aternam</strong></span> <span class='ocrx_word' id='word_1_173' title='bbox 786 3246 956 3304; x_wconf 88' lang='lat' dir='ltr'><strong>retribuere.</strong></span> <span class='ocrx_word' id='word_1_174' title='bbox 999 3244 1066 3303; x_wconf 87' lang='lat' dir='ltr'><strong>Per.</strong></span> 
     </span>
    </p>

    <p class='ocr_par' dir='ltr' id='par_1_19' title="bbox 301 3328 421 3387">
     <span class='ocr_line' id='line_1_29' title="bbox 301 3328 421 3387; baseline -0.025 0"><span class='ocrx_word' id='word_1_175' title='bbox 301 3328 421 3387; x_wconf 80' lang='lat' dir='ltr'><strong>Secreta.</strong></span> 
     </span>
    </p>

    <p class='ocr_par' dir='ltr' id='par_1_20' title="bbox 241 3405 1441 3649">
     <span class='ocr_line' id='line_1_30' title="bbox 303 3405 1440 3484; baseline -0.002 -18"><span class='ocrx_word' id='word_1_176' title='bbox 303 3409 487 3479; x_wconf 77' lang='lat' dir='ltr'><strong>Quaesumus,</strong></span> <span class='ocrx_word' id='word_1_177' title='bbox 502 3409 686 3484; x_wconf 86' lang='lat' dir='ltr'><strong>omnipotens</strong></span> <span class='ocrx_word' id='word_1_178' title='bbox 699 3409 791 3479; x_wconf 90' lang='lat' dir='ltr'><strong>Deus,</strong></span> <span class='ocrx_word' id='word_1_179' title='bbox 804 3413 841 3465; x_wconf 91' lang='lat' dir='ltr'><strong>ut</strong></span> <span class='ocrx_word' id='word_1_180' title='bbox 854 3406 999 3483; x_wconf 86' lang='lat' dir='ltr'><strong>suscipere</strong></span> <span class='ocrx_word' id='word_1_181' title='bbox 1013 3406 1141 3483; x_wconf 84' lang='lat' dir='ltr'><strong>digneris</strong></span> <span class='ocrx_word' id='word_1_182' title='bbox 1155 3405 1330 3465; x_wconf 82' lang='lat' dir='ltr'><strong>sacrificium</strong></span> <span class='ocrx_word' id='word_1_183' title='bbox 1343 3407 1440 3464; x_wconf 91' lang='lat' dir='ltr'><strong>laudis</strong></span> 
     </span>
     <span class='ocr_line' id='line_1_31' title="bbox 241 3487 1441 3567; baseline 0 -21"><span class='ocrx_word' id='word_1_184' title='bbox 241 3510 295 3567; x_wconf 90' lang='lat' dir='ltr'><strong>pro</strong></span> <span class='ocrx_word' id='word_1_185' title='bbox 312 3489 432 3547; x_wconf 90' lang='lat' dir='ltr'><strong>famulis</strong></span> <span class='ocrx_word' id='word_1_186' title='bbox 449 3495 479 3547; x_wconf 90' lang='lat' dir='ltr'><strong>et</strong></span> <span class='ocrx_word' id='word_1_187' title='bbox 497 3489 664 3546; x_wconf 87' lang='lat' dir='ltr'><strong>famulabus</strong></span> <span class='ocrx_word' id='word_1_188' title='bbox 677 3489 738 3546; x_wconf 90' lang='lat' dir='ltr'><strong>tuis</strong></span> <span class='ocrx_word' id='word_1_189' title='bbox 752 3488 804 3564; x_wconf 89' lang='lat' dir='ltr'><strong>qui</strong></span> <span class='ocrx_word' id='word_1_190' title='bbox 821 3488 906 3546; x_wconf 89' lang='lat' dir='ltr'><strong>nobis</strong></span> <span class='ocrx_word' id='word_1_191' title='bbox 923 3487 1047 3545; x_wconf 85' lang='lat' dir='ltr'><strong>confessi</strong></span> <span class='ocrx_word' id='word_1_192' title='bbox 1064 3493 1136 3545; x_wconf 85' lang='lat' dir='ltr'><strong>sunt</strong></span> <span class='ocrx_word' id='word_1_193' title='bbox 1149 3493 1275 3564; x_wconf 76' lang='lat' dir='ltr'><strong>peoeata,</strong></span> <span class='ocrx_word' id='word_1_194' title='bbox 1290 3495 1328 3546; x_wconf 87' lang='lat' dir='ltr'><strong>ut</strong></span> <span class='ocrx_word' id='word_1_195' title='bbox 1344 3487 1441 3546; x_wconf 91' lang='lat' dir='ltr'><strong>indul·</strong></span> 
     </span>
     <span class='ocr_line' id='line_1_32' title="bbox 241 3570 820 3649; baseline 0 -22"><span class='ocrx_word' id='word_1_196' title='bbox 241 3572 372 3649; x_wconf 82' lang='lat' dir='ltr'><strong>gentiam</strong></span> <span class='ocrx_word' id='word_1_197' title='bbox 385 3570 523 3646; x_wconf 87' lang='lat' dir='ltr'><strong>consequi</strong></span> <span class='ocrx_word' id='word_1_198' title='bbox 536 3575 711 3628; x_wconf 89' lang='lat' dir='ltr'><strong>mereantur.</strong></span> <span class='ocrx_word' id='word_1_199' title='bbox 754 3570 820 3628; x_wconf 89' lang='lat' dir='ltr'><strong>Per.</strong></span> 
     </span>
    </p>

    <p class='ocr_par' dir='ltr' id='par_1_21' title="bbox 302 3650 542 3710">
     <span class='ocr_line' id='line_1_33' title="bbox 302 3650 542 3710; baseline -0.004 -2"><span class='ocrx_word' id='word_1_200' title='bbox 302 3650 542 3710; x_wconf 78' lang='lat' dir='ltr'><strong>Poetcoaaauaio.</strong></span> 
     </span>
    </p>

    <p class='ocr_par' dir='ltr' id='par_1_22' title="bbox 243 3729 1441 3971">
     <span class='ocr_line' id='line_1_34' title="bbox 304 3729 1441 3808; baseline -0.002 -18"><span class='ocrx_word' id='word_1_201' title='bbox 304 3733 361 3805; x_wconf 87' lang='lat' dir='ltr'><strong>Da,</strong></span> <span class='ocrx_word' id='word_1_202' title='bbox 372 3750 546 3808; x_wconf 82' lang='lat' dir='ltr'><strong>quaesumus,</strong></span> <span class='ocrx_word' id='word_1_203' title='bbox 562 3730 788 3788; x_wconf 86' lang='lat' dir='ltr'><strong>clementissime</strong></span> <span class='ocrx_word' id='word_1_204' title='bbox 798 3729 898 3802; x_wconf 87' lang='lat' dir='ltr'><strong>Pater,</strong></span> <span class='ocrx_word' id='word_1_205' title='bbox 909 3729 1124 3808; x_wconf 86' lang='lat' dir='ltr'><strong>indulgentiam</strong></span> <span class='ocrx_word' id='word_1_206' title='bbox 1134 3735 1308 3807; x_wconf 89' lang='lat' dir='ltr'><strong>perpetuam</strong></span> <span class='ocrx_word' id='word_1_207' title='bbox 1320 3729 1441 3788; x_wconf 86' lang='lat' dir='ltr'><strong>famulis</strong></span> 
     </span>
     <span class='ocr_line' id='line_1_35' title="bbox 243 3810 1440 3888; baseline 0 -18"><span class='ocrx_word' id='word_1_208' title='bbox 243 3818 274 3870; x_wconf 88' lang='lat' dir='ltr'><strong>et</strong></span> <span class='ocrx_word' id='word_1_209' title='bbox 291 3813 456 3871; x_wconf 89' lang='lat' dir='ltr'><strong>famulabus</strong></span> <span class='ocrx_word' id='word_1_210' title='bbox 473 3812 534 3869; x_wconf 87' lang='lat' dir='ltr'><strong>tuis</strong></span> <span class='ocrx_word' id='word_1_211' title='bbox 548 3811 600 3888; x_wconf 92' lang='lat' dir='ltr'><strong>qui</strong></span> <span class='ocrx_word' id='word_1_212' title='bbox 613 3811 698 3868; x_wconf 88' lang='lat' dir='ltr'><strong>nobis</strong></span> <span class='ocrx_word' id='word_1_213' title='bbox 716 3810 834 3887; x_wconf 89' lang='lat' dir='ltr'><strong>propria</strong></span> <span class='ocrx_word' id='word_1_214' title='bbox 847 3810 971 3868; x_wconf 89' lang='lat' dir='ltr'><strong>confessi</strong></span> <span class='ocrx_word' id='word_1_215' title='bbox 987 3817 1059 3869; x_wconf 88' lang='lat' dir='ltr'><strong>sunt</strong></span> <span class='ocrx_word' id='word_1_216' title='bbox 1071 3817 1199 3888; x_wconf 63' lang='lat' dir='ltr'><strong>peocma,</strong></span> <span class='ocrx_word' id='word_1_217' title='bbox 1214 3818 1246 3869; x_wconf 87' lang='lat' dir='ltr'><strong>ct</strong></span> <span class='ocrx_word' id='word_1_218' title='bbox 1258 3811 1386 3870; x_wconf 86' lang='lat' dir='ltr'><strong>concede</strong></span> <span class='ocrx_word' id='word_1_219' title='bbox 1398 3810 1440 3870; x_wconf 89' lang='lat' dir='ltr'><strong>eis</strong></span> 
     </span>
     <span class='ocr_line' id='line_1_36' title="bbox 243 3890 1006 3971; baseline -0.004 -20"><span class='ocrx_word' id='word_1_220' title='bbox 243 3900 278 3951; x_wconf 90' lang='lat' dir='ltr'><strong>ut</strong></span> <span class='ocrx_word' id='word_1_221' title='bbox 291 3893 325 3951; x_wconf 95' lang='lat' dir='ltr'><strong>in</strong></span> <span class='ocrx_word' id='word_1_222' title='bbox 337 3893 489 3971; x_wconf 87' lang='lat' dir='ltr'><strong>praeoeptis</strong></span> <span class='ocrx_word' id='word_1_223' title='bbox 501 3891 563 3950; x_wconf 85' lang='lat' dir='ltr'><strong>tuis</strong></span> <span class='ocrx_word' id='word_1_224' title='bbox 573 3892 687 3969; x_wconf 86' lang='lat' dir='ltr'><strong>jugiter</strong></span> <span class='ocrx_word' id='word_1_225' title='bbox 699 3896 893 3968; x_wconf 87' lang='lat' dir='ltr'><strong>perseverent.</strong></span> <span class='ocrx_word' id='word_1_226' title='bbox 938 3890 1006 3950; x_wconf 90' lang='lat' dir='ltr'><strong>Per.</strong></span> 
     </span>
    </p>
   </div>
   <div class='ocr_carea' id='block_1_9' title="bbox 445 4097 1238 4290">
    <p class='ocr_par' dir='ltr' id='par_1_23' title="bbox 445 4097 1238 4290">
     <span class='ocr_line' id='line_1_37' title="bbox 522 4097 1161 4176; baseline 0 -18"><span class='ocrx_word' id='word_1_227' title='bbox 522 4100 613 4159; x_wconf 77' lang='lat' dir='ltr'><strong>From</strong></span> <span class='ocrx_word' id='word_1_228' title='bbox 627 4099 672 4158; x_wconf 81' lang='lat' dir='ltr'><strong>tlae</strong></span> <span class='ocrx_word' id='word_1_229' title='bbox 680 4098 803 4176; x_wconf 74' lang='lat' dir='ltr'><strong>printed</strong></span> <span class='ocrx_word' id='word_1_230' title='bbox 814 4097 965 4174; x_wconf 67' lang='lat' dir='ltr'><strong>Breoicrp,</strong></span> <span class='ocrx_word' id='word_1_231' title='bbox 980 4118 1060 4159; x_wconf 80' lang='lat' dir='ltr'><strong>onae</strong></span> <span class='ocrx_word' id='word_1_232' title='bbox 1075 4099 1161 4158; x_wconf 79' lang='lat'><strong>1526.</strong></span> 
     </span>
     <span class='ocr_line' id='line_1_38' title="bbox 445 4215 1238 4290; baseline -0.004 -13"><span class='ocrx_word' id='word_1_233' title='bbox 445 4219 572 4279; x_wconf 79' lang='lat' dir='ltr'><strong>Fnsrun</strong></span> <span class='ocrx_word' id='word_1_234' title='bbox 586 4218 799 4277; x_wconf 80' lang='lat' dir='ltr'><strong>V1s1rar10r1s</strong></span> <span class='ocrx_word' id='word_1_235' title='bbox 819 4232 925 4274; x_wconf 72' lang='lat' dir='ltr'><strong>naara</strong></span> <span class='ocrx_word' id='word_1_236' title='bbox 943 4215 1069 4290; x_wconf 71' lang='lat' dir='ltr'><strong>Meam,</strong></span> <span class='ocrx_word' id='word_1_237' title='bbox 1091 4232 1238 4287; x_wconf 80' lang='lat' dir='ltr'><strong>vraenus,</strong></span> 
     </span>
    </p>
   </div>
   <div class='ocr_carea' id='block_1_10' title="bbox 215 4333 1445 4577">
    <p class='ocr_par' dir='ltr' id='par_1_24' title="bbox 215 4333 1445 4577">
     <span class='ocr_line' id='line_1_39' title="bbox 216 4333 1445 4414; baseline -0.001 -18"><span class='ocrx_word' id='word_1_238' title='bbox 216 4392 219 4396; x_wconf 73' lang='grc'><strong>,</strong></span> <span class='ocrx_word' id='word_1_239' title='bbox 240 4357 421 4414; x_wconf 68' lang='lat' dir='ltr'><strong>paruerant</strong></span> <span class='ocrx_word' id='word_1_240' title='bbox 434 4337 662 4396; x_wconf 72' lang='lat' dir='ltr'><strong>coaoomabaem</strong></span> <span class='ocrx_word' id='word_1_241' title='bbox 676 4335 891 4407; x_wconf 79' lang='lat' dir='ltr'><strong>Eboroceraaem,</strong></span> <span class='ocrx_word' id='word_1_242' title='bbox 906 4355 984 4393; x_wconf 80' lang='lat' dir='ltr'><strong>cano</strong></span> <span class='ocrx_word' id='word_1_243' title='bbox 997 4333 1122 4394; x_wconf 81' lang='lat' dir='ltr'><strong>Domini</strong></span> <span class='ocrx_word' id='word_1_244' title='bbox 1136 4335 1288 4394; x_wconf 75' lang='lat' dir='ltr'><strong>milleeinw</strong></span> <span class='ocrx_word' id='word_1_245' title='bbox 1301 4335 1445 4411; x_wconf 71' lang='lat' dir='ltr'><strong>quiapea·</strong></span> 
     </span>
     <span class='ocr_line' id='line_1_40' title="bbox 215 4415 1445 4494; baseline 0.003 -22"><span class='ocrx_word' id='word_1_246' title='bbox 215 4461 219 4472; x_wconf 86' lang='lat'>.</span> <span class='ocrx_word' id='word_1_247' title='bbox 245 4419 343 4477; x_wconf 57' lang='lat' dir='ltr'><strong>admo</strong></span> <span class='ocrx_word' id='word_1_248' title='bbox 354 4419 437 4478; x_wconf 79' lang='lat' dir='ltr'><strong>tertio</strong></span> <span class='ocrx_word' id='word_1_249' title='bbox 446 4419 562 4489; x_wconf 60' lang='grc' dir='ltr'><strong>ἀεοίηιο,</strong></span> <span class='ocrx_word' id='word_1_250' title='bbox 574 4426 717 4476; x_wconf 79' lang='lat' dir='ltr'><strong>statatum</strong></span> <span class='ocrx_word' id='word_1_251' title='bbox 729 4425 770 4474; x_wconf 79' lang='lat' dir='ltr'><strong>eat</strong></span> <span class='ocrx_word' id='word_1_252' title='bbox 782 4415 917 4475; x_wconf 71' lang='lat' dir='ltr'><strong>celebrari</strong></span> <span class='ocrx_word' id='word_1_253' title='bbox 929 4416 1090 4475; x_wconf 77' lang='lat' dir='ltr'><strong>atFeataan</strong></span> <span class='ocrx_word' id='word_1_254' title='bbox 1103 4415 1272 4494; x_wconf 68' lang='lat' dir='ltr'><strong>Principale</strong></span> <span class='ocrx_word' id='word_1_255' title='bbox 1285 4416 1323 4474; x_wconf 79' lang='lat' dir='ltr'><strong>io.</strong></span> <span class='ocrx_word' id='word_1_256' title='bbox 1338 4415 1445 4476; x_wconf 76' lang='lat' dir='ltr'><strong>Nonas</strong></span> 
     </span>
     <span class='ocr_line' id='line_1_41' title="bbox 247 4496 1443 4577; baseline 0.003 -21"><span class='ocrx_word' id='word_1_257' title='bbox 247 4499 362 4577; x_wconf 76' lang='lat' dir='ltr'><strong>Aprilis</strong></span> <span class='ocrx_word' id='word_1_258' title='bbox 381 4500 415 4558; x_wconf 84' lang='lat' dir='ltr'><strong>id</strong></span> <span class='ocrx_word' id='word_1_259' title='bbox 435 4506 475 4558; x_wconf 83' lang='lat' dir='ltr'><strong>eat</strong></span> <span class='ocrx_word' id='word_1_260' title='bbox 496 4497 579 4556; x_wconf 77' lang='lat' dir='ltr'><strong>illius</strong></span> <span class='ocrx_word' id='word_1_261' title='bbox 601 4498 708 4558; x_wconf 67' lang='lat' dir='ltr'><strong>amaea</strong></span> <span class='ocrx_word' id='word_1_262' title='bbox 720 4497 767 4557; x_wconf 82' lang='lat' dir='ltr'><strong>die</strong></span> <span class='ocrx_word' id='word_1_263' title='bbox 787 4497 831 4570; x_wconf 73' lang='lat' dir='ltr'><strong>ii,</strong></span> <span class='ocrx_word' id='word_1_264' title='bbox 853 4496 948 4574; x_wconf 77' lang='lat' dir='ltr'><strong>sicque</strong></span> <span class='ocrx_word' id='word_1_265' title='bbox 965 4497 999 4558; x_wconf 78' lang='lat' dir='ltr'><strong>in</strong></span> <span class='ocrx_word' id='word_1_266' title='bbox 1022 4497 1205 4558; x_wconf 78' lang='lat' dir='ltr'><strong>Kaleadwrio</strong></span> <span class='ocrx_word' id='word_1_267' title='bbox 1227 4498 1443 4560; x_wconf 64' lang='lat' dir='ltr'><strong>armandae</strong></span> 
     </span>
    </p>
   </div>
   <div class='ocr_carea' id='block_1_11' title="bbox 0 0 1502 5002">
    <p class='ocr_par' dir='ltr' id='par_1_25' title="bbox 0 0 1502 5002">
     <span class='ocr_line' id='line_1_42' title="bbox 0 0 1502 5002; baseline 0 0"><span class='ocrx_word' id='word_1_268' title='bbox 0 0 1502 5002; x_wconf 95' lang='lat' dir='ltr'><strong> </strong></span> 
     </span>
    </p>
   </div>
  </div>
 </body>
</html>
