2946 5002
632 909 729 1004 VI.

424 1162 635 1259 MISSAL
685 1161 935 1278 onmem,

144 1396 244 1459 Fnon
265 1411 333 1458 Tne
355 1395 564 1458 Pomncm
586 1409 629 1456 oe
650 1393 820 1470 nmmos,
844 1393 974 1456 Blsnon
996 1408 1039 1456 on
1060 1392 1213 1470 Bnncoe,

567 1507 631 1556 nl).
656 1493 739 1556 1268
750 1515 800 1554 :—

169 1653 195 1711 1.
219 1649 408 1713 Benedictio
423 1647 638 1712 Candelemm
653 1646 688 1709 in
704 1646 932 1713 Purifieetione
946 1653 1057 1712 sancto
1068 1648 1189 1715 Meriae.

168 1754 195 1814 2.
219 1751 307 1817 Ordo
321 1752 363 1815 ad
378 1751 517 1815 dandam
532 1750 761 1815 Paenitentiam
775 1750 811 1813 in
827 1750 941 1836 Capite
954 1751 978 1815 J
978 1751 1086 1836 ejunii.

167 1857 197 1918 3.
221 1854 392 1919 Dominice
405 1855 441 1918 in
454 1855 583 1919 Polmie
629 1855 816 1920 Benedictio
832 1855 1025 1920 Polmerum.

167 1961 196 2021 4.
218 1958 319 2022 Missa
337 1959 377 2023 de
392 1958 559 2023 Trinitate.

267 2074 299 2138 „¹
333 2061 374 2126 de
387 2061 506 2126 Sancto
520 2061 652 2147 spiritu.

267 2217 283 2241 „
333 2166 374 2230 de
389 2166 499 2231 Oruce.

265 2319 282 2344 ‚,
333 2269 373 2332 de
387 2272 499 2332 cancta
514 2267 625 2332 Maiic.

266 2423 281 2447 „
332 2371 373 2435 de
387 2375 499 2435 cancta
512 2371 618 2435 Maria
630 2372 666 2434 in
680 2371 845 2436 Adventu.

266 2524 280 2548 ,‚
332 2473 372 2536 de
395 2477 506 2536 ceneta
527 2472 630 2537 Morio
652 2495 672 2536 a
690 2473 877 2538 Nativitete
896 2473 1029 2538 Domini
1048 2475 1091 2540 ad
1113 2476 1267 2544 Purifica-

408 2575 554 2639 'tionem

264 2730 281 2755 „
330 2700 390 2764 pro
400 2677 578 2744 Defunctie

262 2833 280 2859 ‚,
330 2804 389 2868 pro
404 2781 577 2848 Sacerdote
591 2789 625 2847 et
639 2783 807 2871 Episcopo.

264 2938 280 2962 ,‚
330 2907 389 2971 pro
403 2884 500 2951 Patre
514 2891 548 2951 ct
563 2885 676 2952 Matre.

263 3039 280 3065 ‚,
330 3010 388 3074 pro
403 2990 497 3054 Vivis
512 2995 544 3055 et
562 2990 743 3056 Defunctis.

163 3096 190 3156 5.
215 3093 432 3158 Praefetionee

164 3193 191 3257 6.
216 3190 326 3256 Conon
341 3193 458 3258 Missae.

162 3296 192 3365 7.
217 3296 304 3361 Ordo
319 3296 588 3361 Benedictionum
603 3297 845 3383 Episcopelium
859 3300 892 3363 in
909 3299 1016 3366 Festis
1031 3301 1231 3372 Sanctorum

164 3403 192 3463 8.
215 3399 257 3463 In
272 3399 366 3464 Beria
380 3399 481 3465 Sexte
494 3399 627 3465 Paschae
641 3399 683 3464 ad
698 3423 856 3486 vesperes,
870 3402 924 3468 vel
938 3402 1082 3471 Sobbeto
1093 3403 1224 3489 ‘sancto

336 3502 526 3568 Benedictio
541 3503 626 3589 ignis
641 3526 682 3568 ex
697 3504 786 3568 cilice
800 3507 936 3571 excussi.

163 3609 192 3672 9.
217 3608 258 3671 In
273 3604 360 3671 Cena
375 3607 509 3671 Domini

334 3709 565 3776 Reconciliatio
579 3710 822 3778 Paenitentium.

142 3820 192 3882 10.
217 3816 317 3881 Missa
331 3817 371 3882 de
386 3817 504 3883 Sancto
518 3814 651 3902 Spiritu.

263 3972 279 3998 ,‚
329 3942 387 4005 pro
402 3918 591 4005 Semetipso.

262 4075 278 4100 ‚‚
328 4044 386 4109 pro
402 4022 471 4087 Iter
484 4022 676 4109 Agentibue.
