<?xml version="1.0" encoding="UTF-8"?>
<!DOCTYPE html PUBLIC "-//W3C//DTD XHTML 1.0 Transitional//EN"
    "http://www.w3.org/TR/xhtml1/DTD/xhtml1-transitional.dtd">
<html xmlns="http://www.w3.org/1999/xhtml" xml:lang="en" lang="en">
 <head>
  <title>
</title>
<meta http-equiv="Content-Type" content="text/html;charset=utf-8" />
  <meta name='ocr-system' content='tesseract 3.04.00' />
  <meta name='ocr-capabilities' content='ocr_page ocr_carea ocr_par ocr_line ocrx_word'/>
</head>
<body>
  <div class='ocr_page' id='page_1' title='image "./missaleadusumin02churgoog_0040.png"; bbox 0 0 2946 5002; ppageno 0'>
   <div class='ocr_carea' id='block_1_1' title="bbox 590 332 1334 399">
    <p class='ocr_par' dir='ltr' id='par_1_1' title="bbox 590 332 1334 399">
     <span class='ocr_line' id='line_1_1' title="bbox 590 332 1334 399; baseline -0.001 -1"><span class='ocrx_word' id='word_1_1' title='bbox 590 335 685 398; x_wconf 86' lang='lat' dir='ltr'>Festa</span> <span class='ocrx_word' id='word_1_2' title='bbox 706 332 887 399; x_wconf 82' lang='lat' dir='ltr'>Jaaueria&#39;.</span> <span class='ocrx_word' id='word_1_3' title='bbox 1295 336 1334 397; x_wconf 92' lang='lat' dir='ltr'>ll</span> 
     </span>
    </p>
   </div>
   <div class='ocr_carea' id='block_1_2' title="bbox 136 497 1338 2112">
    <p class='ocr_par' dir='ltr' id='par_1_2' title="bbox 146 497 1338 655">
     <span class='ocr_line' id='line_1_2' title="bbox 146 497 1338 574; baseline 0.002 -20"><span class='ocrx_word' id='word_1_4' title='bbox 146 497 258 572; x_wconf 82' lang='lat' dir='ltr'>eiiafra</span> <span class='ocrx_word' id='word_1_5' title='bbox 270 497 520 574; x_wconf 70' lang='lat' dir='ltr'>Septaapesimom</span> <span class='ocrx_word' id='word_1_6' title='bbox 533 500 654 557; x_wconf 81' lang='lat' dir='ltr'>evenerit</span> <span class='ocrx_word' id='word_1_7' title='bbox 663 525 673 558; x_wconf 93' lang='lat'><em>:</em></span> <span class='ocrx_word' id='word_1_8' title='bbox 689 508 715 557; x_wconf 82' lang='lat' dir='ltr'>et</span> <span class='ocrx_word' id='word_1_9' title='bbox 723 499 895 574; x_wconf 72' lang='lat' dir='ltr'>qeneraliter</span> <span class='ocrx_word' id='word_1_10' title='bbox 905 499 1120 573; x_wconf 73' lang='lat' dir='ltr'>observandum,</span> <span class='ocrx_word' id='word_1_11' title='bbox 1131 501 1209 574; x_wconf 82' lang='lat' dir='ltr'>qnod</span> <span class='ocrx_word' id='word_1_12' title='bbox 1219 501 1338 574; x_wconf 63' lang='lat' dir='ltr'>quartem</span> 
     </span>
     <span class='ocr_line' id='line_1_3' title="bbox 146 579 772 655; baseline 0.005 -20"><span class='ocrx_word' id='word_1_13' title='bbox 146 579 247 636; x_wconf 70' lang='lat' dir='ltr'>elicitur</span> <span class='ocrx_word' id='word_1_14' title='bbox 264 579 395 650; x_wconf 79' lang='lat' dir='ltr'>Tractus,</span> <span class='ocrx_word' id='word_1_15' title='bbox 410 601 470 638; x_wconf 80' lang='lat' dir='ltr'>aon</span> <span class='ocrx_word' id='word_1_16' title='bbox 483 580 593 638; x_wconf 81' lang='lat' dir='ltr'>dieitur</span> <span class='ocrx_word' id='word_1_17' title='bbox 610 581 772 655; x_wconf 74' lang='lat' dir='ltr'><strong><em>Sequentia.</em></strong></span> 
     </span>
    </p>

    <p class='ocr_par' dir='ltr' id='par_1_3' title="bbox 198 660 902 734">
     <span class='ocr_line' id='line_1_4' title="bbox 198 660 902 734; baseline 0.006 -18"><span class='ocrx_word' id='word_1_18' title='bbox 198 660 401 734; x_wconf 75' lang='lat' dir='ltr'>Ecaaqetium.</span> <span class='ocrx_word' id='word_1_19' title='bbox 442 661 631 719; x_wconf 81' lang='lat' dir='ltr'>Descendens</span> <span class='ocrx_word' id='word_1_20' title='bbox 643 662 666 719; x_wconf 89' lang='lat' dir='ltr'><strong>J</strong></span> <span class='ocrx_word' id='word_1_21' title='bbox 667 681 732 718; x_wconf 88' lang='lat' dir='ltr'>esus</span> <span class='ocrx_word' id='word_1_22' title='bbox 746 660 782 718; x_wconf 89' lang='lat' dir='ltr'>de</span> <span class='ocrx_word' id='word_1_23' title='bbox 796 668 902 720; x_wconf 86' lang='lat' dir='ltr'>monte.</span> 
     </span>
    </p>

    <p class='ocr_par' dir='ltr' id='par_1_4' title="bbox 201 739 791 815">
     <span class='ocr_line' id='line_1_5' title="bbox 201 739 791 815; baseline 0.003 -17"><span class='ocrx_word' id='word_1_24' title='bbox 201 739 394 815; x_wconf 72' lang='lat' dir='ltr'>Offertorium.</span> <span class='ocrx_word' id='word_1_25' title='bbox 438 743 593 800; x_wconf 88' lang='lat' dir='ltr'>Laetamini</span> <span class='ocrx_word' id='word_1_26' title='bbox 608 743 640 799; x_wconf 91' lang='lat' dir='ltr'>in</span> <span class='ocrx_word' id='word_1_27' title='bbox 654 742 791 800; x_wconf 86' lang='lat' dir='ltr'>Domino</span> 
     </span>
    </p>

    <p class='ocr_par' dir='ltr' id='par_1_5' title="bbox 197 821 318 881">
     <span class='ocr_line' id='line_1_6' title="bbox 197 821 318 881; baseline 0.025 -3"><span class='ocrx_word' id='word_1_28' title='bbox 197 821 318 881; x_wconf 78' lang='lat' dir='ltr'>Secreta.</span> 
     </span>
    </p>

    <p class='ocr_par' dir='ltr' id='par_1_6' title="bbox 141 903 1337 1123">
     <span class='ocr_line' id='line_1_7' title="bbox 198 903 1337 980; baseline 0 -20"><span class='ocrx_word' id='word_1_29' title='bbox 198 903 325 960; x_wconf 75' lang='lat' dir='ltr'><strong>Hostias</strong></span> <span class='ocrx_word' id='word_1_30' title='bbox 348 903 413 974; x_wconf 89' lang='lat' dir='ltr'>tibi,</span> <span class='ocrx_word' id='word_1_31' title='bbox 429 903 565 974; x_wconf 88' lang='lat' dir='ltr'>Domine,</span> <span class='ocrx_word' id='word_1_32' title='bbox 590 904 670 961; x_wconf 91' lang='lat' dir='ltr'>beati</span> <span class='ocrx_word' id='word_1_33' title='bbox 695 903 820 960; x_wconf 84' lang='lat' dir='ltr'>Fabiani</span> <span class='ocrx_word' id='word_1_34' title='bbox 842 904 982 979; x_wconf 85' lang='lat' dir='ltr'>martyris</span> <span class='ocrx_word' id='word_1_35' title='bbox 1005 904 1052 961; x_wconf 90' lang='lat' dir='ltr'>tui</span> <span class='ocrx_word' id='word_1_36' title='bbox 1075 909 1165 980; x_wconf 85' lang='lat' dir='ltr'>atque</span> <span class='ocrx_word' id='word_1_37' title='bbox 1189 903 1337 979; x_wconf 88' lang='lat' dir='ltr'>pontificis</span> 
     </span>
     <span class='ocr_line' id='line_1_8' title="bbox 142 984 1336 1061; baseline 0.001 -21"><span class='ocrx_word' id='word_1_38' title='bbox 142 984 248 1040; x_wconf 86' lang='lat' dir='ltr'>‹licatas</span> <span class='ocrx_word' id='word_1_39' title='bbox 261 984 376 1041; x_wconf 86' lang='lat' dir='ltr'>meritis</span> <span class='ocrx_word' id='word_1_40' title='bbox 390 985 535 1060; x_wconf 84' lang='lat' dir='ltr'>benignus</span> <span class='ocrx_word' id='word_1_41' title='bbox 549 1005 671 1054; x_wconf 81' lang='lat' dir='ltr'><strong>assume,</strong></span> <span class='ocrx_word' id='word_1_42' title='bbox 687 991 717 1041; x_wconf 90' lang='lat' dir='ltr'>et</span> <span class='ocrx_word' id='word_1_43' title='bbox 731 985 768 1041; x_wconf 88' lang='lat' dir='ltr'>ad</span> <span class='ocrx_word' id='word_1_44' title='bbox 782 991 958 1060; x_wconf 88' lang='lat' dir='ltr'>perpetuum</span> <span class='ocrx_word' id='word_1_45' title='bbox 971 985 1056 1042; x_wconf 91' lang='lat' dir='ltr'>nobis</span> <span class='ocrx_word' id='word_1_46' title='bbox 1070 985 1169 1042; x_wconf 90' lang='lat' dir='ltr'>tribue</span> <span class='ocrx_word' id='word_1_47' title='bbox 1182 985 1336 1061; x_wconf 88' lang='lat' dir='ltr'>pervenire</span> 
     </span>
     <span class='ocr_line' id='line_1_9' title="bbox 141 1064 867 1123; baseline 0 -3"><span class='ocrx_word' id='word_1_48' title='bbox 141 1065 311 1122; x_wconf 84' lang='lat' dir='ltr'><strong>subsidium.</strong></span> <span class='ocrx_word' id='word_1_49' title='bbox 356 1064 415 1123; x_wconf 87' lang='lat' dir='ltr'>Per</span> <span class='ocrx_word' id='word_1_50' title='bbox 428 1065 592 1122; x_wconf 89' lang='lat' dir='ltr'>Dominum</span> <span class='ocrx_word' id='word_1_51' title='bbox 605 1072 740 1122; x_wconf 89' lang='lat' dir='ltr'>nostrum</span> <span class='ocrx_word' id='word_1_52' title='bbox 753 1066 775 1123; x_wconf 83' lang='lat' dir='ltr'>J</span> <span class='ocrx_word' id='word_1_53' title='bbox 777 1085 867 1122; x_wconf 89' lang='lat' dir='ltr'>esum.</span> 
     </span>
    </p>

    <p class='ocr_par' dir='ltr' id='par_1_7' title="bbox 197 1145 404 1203">
     <span class='ocr_line' id='line_1_10' title="bbox 197 1145 404 1203; baseline 0.01 -2"><span class='ocrx_word' id='word_1_54' title='bbox 197 1145 269 1202; x_wconf 77' lang='lat' dir='ltr'>Atia</span> <span class='ocrx_word' id='word_1_55' title='bbox 281 1145 404 1203; x_wconf 79' lang='lat' dir='ltr'>Secreto.</span> 
     </span>
    </p>

    <p class='ocr_par' dir='ltr' id='par_1_8' title="bbox 138 1226 1338 1446">
     <span class='ocr_line' id='line_1_11' title="bbox 198 1226 1337 1303; baseline 0.001 -20"><span class='ocrx_word' id='word_1_56' title='bbox 198 1229 332 1302; x_wconf 90' lang='lat' dir='ltr'>Accepta</span> <span class='ocrx_word' id='word_1_57' title='bbox 345 1227 385 1283; x_wconf 89' lang='lat' dir='ltr'>sit</span> <span class='ocrx_word' id='word_1_58' title='bbox 399 1227 432 1283; x_wconf 92' lang='lat' dir='ltr'>in</span> <span class='ocrx_word' id='word_1_59' title='bbox 445 1234 602 1303; x_wconf 89' lang='lat' dir='ltr'>conspectu</span> <span class='ocrx_word' id='word_1_60' title='bbox 622 1234 684 1299; x_wconf 92' lang='lat' dir='ltr'>tuo,</span> <span class='ocrx_word' id='word_1_61' title='bbox 700 1246 876 1303; x_wconf 88' lang='lat' dir='ltr'>quaesumus,</span> <span class='ocrx_word' id='word_1_62' title='bbox 893 1226 1030 1298; x_wconf 86' lang='lat' dir='ltr'>Domine,</span> <span class='ocrx_word' id='word_1_63' title='bbox 1046 1234 1151 1284; x_wconf 89' lang='lat' dir='ltr'>nostrae</span> <span class='ocrx_word' id='word_1_64' title='bbox 1173 1227 1337 1285; x_wconf 81' lang='lat' dir='ltr'>devotionis</span> 
     </span>
     <span class='ocr_line' id='line_1_12' title="bbox 138 1307 1338 1385; baseline 0.001 -22"><span class='ocrx_word' id='word_1_65' title='bbox 138 1307 257 1377; x_wconf 90' lang='lat' dir='ltr'>oblati0,</span> <span class='ocrx_word' id='word_1_66' title='bbox 269 1314 299 1364; x_wconf 87' lang='lat' dir='ltr'>et</span> <span class='ocrx_word' id='word_1_67' title='bbox 314 1308 378 1383; x_wconf 88' lang='lat' dir='ltr'>ejus</span> <span class='ocrx_word' id='word_1_68' title='bbox 391 1309 444 1364; x_wconf 91' lang='lat' dir='ltr'>fiat</span> <span class='ocrx_word' id='word_1_69' title='bbox 457 1309 543 1365; x_wconf 90' lang='lat' dir='ltr'>nobis</span> <span class='ocrx_word' id='word_1_70' title='bbox 556 1308 768 1385; x_wconf 68' lang='lat' dir='ltr'>supplicatione</span> <span class='ocrx_word' id='word_1_71' title='bbox 783 1308 921 1365; x_wconf 88' lang='lat' dir='ltr'>salutaris</span> <span class='ocrx_word' id='word_1_72' title='bbox 935 1327 988 1384; x_wconf 91' lang='lat' dir='ltr'>pro</span> <span class='ocrx_word' id='word_1_73' title='bbox 1003 1309 1086 1383; x_wconf 89' lang='lat' dir='ltr'>cujus</span> <span class='ocrx_word' id='word_1_74' title='bbox 1099 1308 1233 1383; x_wconf 81' lang='lat' dir='ltr'>passione</span> <span class='ocrx_word' id='word_1_75' title='bbox 1247 1308 1338 1366; x_wconf 86' lang='lat' dir='ltr'>defer-</span> 
     </span>
     <span class='ocr_line' id='line_1_13' title="bbox 138 1387 632 1446; baseline 0.006 -3"><span class='ocrx_word' id='word_1_76' title='bbox 138 1395 194 1445; x_wconf 88' lang='lat' dir='ltr'>tur.</span> <span class='ocrx_word' id='word_1_77' title='bbox 239 1387 299 1446; x_wconf 89' lang='lat' dir='ltr'>Per</span> <span class='ocrx_word' id='word_1_78' title='bbox 313 1388 477 1446; x_wconf 92' lang='lat' dir='ltr'>Dominum</span> <span class='ocrx_word' id='word_1_79' title='bbox 490 1395 632 1446; x_wconf 90' lang='lat' dir='ltr'>nostrum.</span> 
     </span>
    </p>

    <p class='ocr_par' dir='ltr' id='par_1_9' title="bbox 198 1468 819 1545">
     <span class='ocr_line' id='line_1_14' title="bbox 198 1468 819 1545; baseline 0 -19"><span class='ocrx_word' id='word_1_80' title='bbox 198 1468 382 1527; x_wconf 73' lang='lat' dir='ltr'>Communia.</span> <span class='ocrx_word' id='word_1_81' title='bbox 426 1469 591 1527; x_wconf 77' lang='lat' dir='ltr'>Multitudo</span> <span class='ocrx_word' id='word_1_82' title='bbox 605 1469 819 1545; x_wconf 79' lang='lat' dir='ltr'>languentium.</span> 
     </span>
    </p>

    <p class='ocr_par' dir='ltr' id='par_1_10' title="bbox 197 1550 440 1609">
     <span class='ocr_line' id='line_1_15' title="bbox 197 1550 440 1609; baseline 0.016 -4"><span class='ocrx_word' id='word_1_83' title='bbox 197 1550 440 1609; x_wconf 79' lang='lat' dir='ltr'>Postcommaaio.</span> 
     </span>
    </p>

    <p class='ocr_par' dir='ltr' id='par_1_11' title="bbox 137 1630 1335 1788">
     <span class='ocr_line' id='line_1_16' title="bbox 197 1630 1335 1708; baseline 0 -21"><span class='ocrx_word' id='word_1_84' title='bbox 197 1630 316 1688; x_wconf 86' lang='lat' dir='ltr'>Refecti</span> <span class='ocrx_word' id='word_1_85' title='bbox 329 1632 554 1708; x_wconf 74' lang='lat' dir='ltr'>participatione</span> <span class='ocrx_word' id='word_1_86' title='bbox 568 1631 699 1688; x_wconf 89' lang='lat' dir='ltr'>muneris</span> <span class='ocrx_word' id='word_1_87' title='bbox 713 1631 796 1699; x_wconf 82' lang='lat' dir='ltr'>sacri,</span> <span class='ocrx_word' id='word_1_88' title='bbox 809 1650 984 1707; x_wconf 69' lang='lat' dir='ltr'>quaesumus</span> <span class='ocrx_word' id='word_1_89' title='bbox 997 1630 1124 1689; x_wconf 90' lang='lat' dir='ltr'>Domine</span> <span class='ocrx_word' id='word_1_90' title='bbox 1135 1631 1217 1688; x_wconf 90' lang='lat' dir='ltr'>Deus</span> <span class='ocrx_word' id='word_1_91' title='bbox 1227 1638 1335 1704; x_wconf 86' lang='lat' dir='ltr'>noster,</span> 
     </span>
     <span class='ocr_line' id='line_1_17' title="bbox 137 1713 942 1788; baseline 0.001 -21"><span class='ocrx_word' id='word_1_92' title='bbox 137 1718 171 1767; x_wconf 93' lang='lat' dir='ltr'>ut</span> <span class='ocrx_word' id='word_1_93' title='bbox 185 1713 270 1787; x_wconf 87' lang='lat' dir='ltr'>cujus</span> <span class='ocrx_word' id='word_1_94' title='bbox 283 1713 474 1788; x_wconf 84' lang='lat' dir='ltr'>exsequimur</span> <span class='ocrx_word' id='word_1_95' title='bbox 486 1713 608 1782; x_wconf 91' lang='lat' dir='ltr'>cultum,</span> <span class='ocrx_word' id='word_1_96' title='bbox 623 1713 785 1769; x_wconf 88' lang='lat' dir='ltr'>sentiamus</span> <span class='ocrx_word' id='word_1_97' title='bbox 799 1713 942 1768; x_wconf 82' lang='lat' dir='ltr'>effectum.</span> 
     </span>
    </p>

    <p class='ocr_par' dir='ltr' id='par_1_12' title="bbox 196 1792 894 1852">
     <span class='ocr_line' id='line_1_18' title="bbox 196 1792 894 1852; baseline 0.006 -4"><span class='ocrx_word' id='word_1_98' title='bbox 196 1793 271 1850; x_wconf 79' lang='lat' dir='ltr'>Alia</span> <span class='ocrx_word' id='word_1_99' title='bbox 284 1793 517 1851; x_wconf 83' lang='lat' dir='ltr'>Postoommanio</span> <span class='ocrx_word' id='word_1_100' title='bbox 530 1794 582 1851; x_wconf 79' lang='lat' dir='ltr'>aab</span> <span class='ocrx_word' id='word_1_101' title='bbox 596 1795 695 1850; x_wconf 80' lang='lat' dir='ltr'>eadent</span> <span class='ocrx_word' id='word_1_102' title='bbox 709 1792 894 1852; x_wconf 80' lang='lat' dir='ltr'>conclusione.</span> 
     </span>
    </p>

    <p class='ocr_par' dir='ltr' id='par_1_13' title="bbox 136 1873 1337 2112">
     <span class='ocr_line' id='line_1_19' title="bbox 190 1873 1336 1950; baseline 0 -20"><span class='ocrx_word' id='word_1_103' title='bbox 190 1873 280 1931; x_wconf 81' lang='lat' dir='ltr'>Sacro</span> <span class='ocrx_word' id='word_1_104' title='bbox 291 1893 413 1931; x_wconf 87' lang='lat' dir='ltr'>munere</span> <span class='ocrx_word' id='word_1_105' title='bbox 424 1875 524 1931; x_wconf 88' lang='lat' dir='ltr'>satiati</span> <span class='ocrx_word' id='word_1_106' title='bbox 534 1875 679 1950; x_wconf 89' lang='lat' dir='ltr'>supplices</span> <span class='ocrx_word' id='word_1_107' title='bbox 688 1879 727 1946; x_wconf 87' lang='lat' dir='ltr'>te,</span> <span class='ocrx_word' id='word_1_108' title='bbox 741 1874 879 1944; x_wconf 91' lang='lat' dir='ltr'>Domine,</span> <span class='ocrx_word' id='word_1_109' title='bbox 890 1873 1087 1949; x_wconf 82' lang='lat' dir='ltr'>deprecamur,</span> <span class='ocrx_word' id='word_1_110' title='bbox 1096 1880 1132 1931; x_wconf 90' lang='lat' dir='ltr'>ut</span> <span class='ocrx_word' id='word_1_111' title='bbox 1142 1874 1221 1949; x_wconf 90' lang='lat' dir='ltr'>quod</span> <span class='ocrx_word' id='word_1_112' title='bbox 1230 1873 1336 1930; x_wconf 83' lang='lat' dir='ltr'>debitae</span> 
     </span>
     <span class='ocr_line' id='line_1_20' title="bbox 136 1953 1337 2030; baseline 0 -19"><span class='ocrx_word' id='word_1_113' title='bbox 136 1953 292 2026; x_wconf 80' lang='lat' dir='ltr'>servitutis</span> <span class='ocrx_word' id='word_1_114' title='bbox 327 1955 506 2012; x_wconf 80' lang='lat' dir='ltr'>celebramus</span> <span class='ocrx_word' id='word_1_115' title='bbox 534 1955 636 2027; x_wconf 90' lang='lat' dir='ltr'>officio,</span> <span class='ocrx_word' id='word_1_116' title='bbox 663 1955 863 2012; x_wconf 89' lang='lat' dir='ltr'>intercedente</span> <span class='ocrx_word' id='word_1_117' title='bbox 890 1954 976 2011; x_wconf 89' lang='lat' dir='ltr'>beato</span> <span class='ocrx_word' id='word_1_118' title='bbox 1004 1954 1176 2011; x_wconf 83' lang='lat' dir='ltr'>Sebastiano</span> <span class='ocrx_word' id='word_1_119' title='bbox 1207 1961 1337 2030; x_wconf 83' lang='lat' dir='ltr'>martyre</span> 
     </span>
     <span class='ocr_line' id='line_1_21' title="bbox 136 2034 967 2112; baseline -0.001 -21"><span class='ocrx_word' id='word_1_120' title='bbox 136 2042 197 2104; x_wconf 87' lang='lat' dir='ltr'>tuo,</span> <span class='ocrx_word' id='word_1_121' title='bbox 213 2035 387 2093; x_wconf 85' lang='lat' dir='ltr'>salvationis</span> <span class='ocrx_word' id='word_1_122' title='bbox 409 2042 467 2094; x_wconf 90' lang='lat' dir='ltr'>tuae</span> <span class='ocrx_word' id='word_1_123' title='bbox 482 2037 644 2094; x_wconf 89' lang='lat' dir='ltr'>sentiamus</span> <span class='ocrx_word' id='word_1_124' title='bbox 657 2040 857 2112; x_wconf 81' lang='lat' dir='ltr'>augmentum.</span> <span class='ocrx_word' id='word_1_125' title='bbox 901 2034 967 2091; x_wconf 89' lang='lat' dir='ltr'>Per.</span> 
     </span>
    </p>
   </div>
   <div class='ocr_carea' id='block_1_3' title="bbox 244 2281 1241 2362">
    <p class='ocr_par' dir='ltr' id='par_1_14' title="bbox 244 2281 1241 2362">
     <span class='ocr_line' id='line_1_22' title="bbox 244 2281 1241 2362; baseline 0.003 -25"><span class='ocrx_word' id='word_1_126' title='bbox 244 2281 373 2338; x_wconf 69' lang='lat' dir='ltr'>Sinoria</span> <span class='ocrx_word' id='word_1_127' title='bbox 393 2282 542 2354; x_wconf 76' lang='lat' dir='ltr'>Asanam,</span> <span class='ocrx_word' id='word_1_128' title='bbox 563 2299 700 2340; x_wconf 76' lang='lat' dir='ltr'>macnus</span> <span class='ocrx_word' id='word_1_129' title='bbox 722 2299 759 2338; x_wconf 82' lang='lat' dir='ltr'>ar</span> <span class='ocrx_word' id='word_1_130' title='bbox 780 2299 942 2341; x_wconf 76' lang='lat' dir='ltr'>usuarius.</span> <span class='ocrx_word' id='word_1_131' title='bbox 987 2283 1051 2360; x_wconf 85' lang='lat' dir='ltr'>(xii.</span> <span class='ocrx_word' id='word_1_132' title='bbox 1068 2283 1137 2342; x_wconf 87' lang='lat' dir='ltr'>Kal.</span> <span class='ocrx_word' id='word_1_133' title='bbox 1155 2283 1241 2362; x_wconf 88' lang='lat' dir='ltr'>Feb.)</span> 
     </span>
    </p>
   </div>
   <div class='ocr_carea' id='block_1_4' title="bbox 199 2413 690 2491">
    <p class='ocr_par' dir='ltr' id='par_1_15' title="bbox 199 2413 690 2491">
     <span class='ocr_line' id='line_1_23' title="bbox 199 2413 690 2491; baseline -0.002 -19"><span class='ocrx_word' id='word_1_134' title='bbox 199 2413 339 2488; x_wconf 79' lang='lat' dir='ltr'>Officianu</span> <span class='ocrx_word' id='word_1_135' title='bbox 383 2413 435 2472; x_wconf 89' lang='lat' dir='ltr'>Me</span> <span class='ocrx_word' id='word_1_136' title='bbox 449 2420 690 2491; x_wconf 78' lang='lat' dir='ltr'>expectaverunt.</span> 
     </span>
    </p>
   </div>
   <div class='ocr_carea' id='block_1_5' title="bbox 133 2506 1338 3230">
    <p class='ocr_par' dir='ltr' id='par_1_16' title="bbox 200 2506 310 2565">
     <span class='ocr_line' id='line_1_24' title="bbox 200 2506 310 2565; baseline 0.009 -1"><span class='ocrx_word' id='word_1_137' title='bbox 200 2506 310 2565; x_wconf 80' lang='lat' dir='ltr'>Oratio.</span> 
     </span>
    </p>

    <p class='ocr_par' dir='ltr' id='par_1_17' title="bbox 133 2589 1338 2888">
     <span class='ocr_line' id='line_1_25' title="bbox 198 2589 1337 2666; baseline 0.004 -22"><span class='ocrx_word' id='word_1_138' title='bbox 198 2589 394 2664; x_wconf 89' lang='lat' dir='ltr'>Omnipotens</span> <span class='ocrx_word' id='word_1_139' title='bbox 419 2589 595 2666; x_wconf 88' lang='lat' dir='ltr'>sempiterne</span> <span class='ocrx_word' id='word_1_140' title='bbox 620 2589 710 2662; x_wconf 86' lang='lat' dir='ltr'>Deus,</span> <span class='ocrx_word' id='word_1_141' title='bbox 736 2590 789 2666; x_wconf 86' lang='lat' dir='ltr'>qui</span> <span class='ocrx_word' id='word_1_142' title='bbox 812 2590 930 2647; x_wconf 89' lang='lat' dir='ltr'>infirma</span> <span class='ocrx_word' id='word_1_143' title='bbox 953 2591 1059 2648; x_wconf 92' lang='lat' dir='ltr'>mundi</span> <span class='ocrx_word' id='word_1_144' title='bbox 1081 2589 1165 2666; x_wconf 85' lang='lat' dir='ltr'>eligis</span> <span class='ocrx_word' id='word_1_145' title='bbox 1188 2596 1224 2647; x_wconf 89' lang='lat' dir='ltr'>ut</span> <span class='ocrx_word' id='word_1_146' title='bbox 1247 2589 1337 2648; x_wconf 79' lang='lat' dir='ltr'>fortia</span> 
     </span>
     <span class='ocr_line' id='line_1_26' title="bbox 136 2670 1338 2748; baseline 0.002 -23"><span class='ocrx_word' id='word_1_147' title='bbox 136 2688 261 2744; x_wconf 86' lang='lat' dir='ltr'>quaeque</span> <span class='ocrx_word' id='word_1_148' title='bbox 285 2670 466 2741; x_wconf 81' lang='lat' dir='ltr'>confundas3</span> <span class='ocrx_word' id='word_1_149' title='bbox 487 2671 611 2728; x_wconf 89' lang='lat' dir='ltr'>concede</span> <span class='ocrx_word' id='word_1_150' title='bbox 634 2671 788 2747; x_wconf 88' lang='lat' dir='ltr'>propitius,</span> <span class='ocrx_word' id='word_1_151' title='bbox 803 2677 839 2728; x_wconf 90' lang='lat' dir='ltr'>ut</span> <span class='ocrx_word' id='word_1_152' title='bbox 862 2670 915 2748; x_wconf 92' lang='lat' dir='ltr'>qui</span> <span class='ocrx_word' id='word_1_153' title='bbox 934 2671 1027 2728; x_wconf 89' lang='lat' dir='ltr'>beatae</span> <span class='ocrx_word' id='word_1_154' title='bbox 1051 2670 1180 2748; x_wconf 87' lang='lat' dir='ltr'>Agnetis</span> <span class='ocrx_word' id='word_1_155' title='bbox 1197 2672 1338 2746; x_wconf 84' lang='lat' dir='ltr'>martyris</span> 
     </span>
     <span class='ocr_line' id='line_1_27' title="bbox 133 2749 1336 2828; baseline 0.002 -22"><span class='ocrx_word' id='word_1_156' title='bbox 133 2756 195 2807; x_wconf 91' lang='lat' dir='ltr'>tuae</span> <span class='ocrx_word' id='word_1_157' title='bbox 223 2749 377 2807; x_wconf 88' lang='lat' dir='ltr'>sollemnia</span> <span class='ocrx_word' id='word_1_158' title='bbox 411 2751 542 2824; x_wconf 90' lang='lat' dir='ltr'>colimus,</span> <span class='ocrx_word' id='word_1_159' title='bbox 572 2753 636 2827; x_wconf 86' lang='lat' dir='ltr'>ejus</span> <span class='ocrx_word' id='word_1_160' title='bbox 669 2752 748 2828; x_wconf 89' lang='lat' dir='ltr'>apud</span> <span class='ocrx_word' id='word_1_161' title='bbox 783 2758 814 2809; x_wconf 89' lang='lat' dir='ltr'>te</span> <span class='ocrx_word' id='word_1_162' title='bbox 847 2752 1011 2828; x_wconf 85' lang='lat' dir='ltr'>patrocinia</span> <span class='ocrx_word' id='word_1_163' title='bbox 1044 2753 1214 2810; x_wconf 81' lang='lat' dir='ltr'>sentiamus,</span> <span class='ocrx_word' id='word_1_164' title='bbox 1278 2752 1336 2811; x_wconf 89' lang='lat' dir='ltr'>Per</span> 
     </span>
     <span class='ocr_line' id='line_1_28' title="bbox 135 2830 309 2888; baseline 0 0"><span class='ocrx_word' id='word_1_165' title='bbox 135 2830 309 2888; x_wconf 86' lang='lat' dir='ltr'>Dominum</span> 
     </span>
    </p>

    <p class='ocr_par' dir='ltr' id='par_1_18' title="bbox 197 2912 545 2970">
     <span class='ocr_line' id='line_1_29' title="bbox 197 2912 545 2970; baseline 0.006 -2"><span class='ocrx_word' id='word_1_166' title='bbox 197 2912 237 2968; x_wconf 87' lang='lat' dir='ltr'><em>M</em></span> <span class='ocrx_word' id='word_1_167' title='bbox 234 2912 343 2969; x_wconf 76' lang='lat' dir='ltr'>emoriri</span> <span class='ocrx_word' id='word_1_168' title='bbox 357 2913 392 2970; x_wconf 87' lang='lat' dir='ltr'>de</span> <span class='ocrx_word' id='word_1_169' title='bbox 405 2912 545 2970; x_wconf 74' lang='lat' dir='ltr'>Domina.</span> 
     </span>
    </p>

    <p class='ocr_par' dir='ltr' id='par_1_19' title="bbox 198 2993 609 3070">
     <span class='ocr_line' id='line_1_30' title="bbox 198 2993 609 3070; baseline 0.007 -22"><span class='ocrx_word' id='word_1_170' title='bbox 198 2993 339 3068; x_wconf 81' lang='lat' dir='ltr'>Epistola.</span> <span class='ocrx_word' id='word_1_171' title='bbox 384 2993 445 3062; x_wconf 78' lang='lat' dir='ltr'>Qui</span> <span class='ocrx_word' id='word_1_172' title='bbox 457 2993 609 3070; x_wconf 87' lang='lat' dir='ltr'>gloriatur.</span> 
     </span>
    </p>

    <p class='ocr_par' dir='ltr' id='par_1_20' title="bbox 200 3073 561 3132">
     <span class='ocr_line' id='line_1_31' title="bbox 200 3073 561 3132; baseline 0.006 -2"><span class='ocrx_word' id='word_1_173' title='bbox 200 3074 334 3131; x_wconf 82' lang='lat' dir='ltr'>Gradale.</span> <span class='ocrx_word' id='word_1_174' title='bbox 378 3073 496 3132; x_wconf 89' lang='lat' dir='ltr'>Diffusa</span> <span class='ocrx_word' id='word_1_175' title='bbox 509 3082 561 3132; x_wconf 87' lang='lat' dir='ltr'>est.</span> 
     </span>
    </p>

    <p class='ocr_par' dir='ltr' id='par_1_21' title="bbox 196 3154 595 3230">
     <span class='ocr_line' id='line_1_32' title="bbox 196 3154 595 3230; baseline 0.005 -19"><span class='ocrx_word' id='word_1_176' title='bbox 196 3154 347 3230; x_wconf 75' lang='lat' dir='ltr'>Alleluya.</span> <span class='ocrx_word' id='word_1_177' title='bbox 397 3155 425 3213; x_wconf 87' lang='lat' dir='ltr'>V.</span> <span class='ocrx_word' id='word_1_178' title='bbox 449 3156 595 3215; x_wconf 87' lang='lat' dir='ltr'>AEmulor.</span> 
     </span>
    </p>
   </div>
   <div class='ocr_carea' id='block_1_6' title="bbox 135 3246 1334 3581">
    <p class='ocr_par' dir='ltr' id='par_1_22' title="bbox 135 3246 1334 3403">
     <span class='ocr_line' id='line_1_33' title="bbox 177 3246 1334 3323; baseline 0.001 -18"><span class='ocrx_word' id='word_1_179' title='bbox 177 3246 369 3321; x_wconf 78' lang='lat' dir='ltr'>&#39;Sequentia</span> <span class='ocrx_word' id='word_1_180' title='bbox 399 3248 690 3320; x_wconf 81' lang='lat' dir='ltr'>Exsultem11s‚atia</span> <span class='ocrx_word' id='word_1_181' title='bbox 703 3248 876 3319; x_wconf 62' lang='lat' dir='ltr'>Cerretani·</span> <span class='ocrx_word' id='word_1_182' title='bbox 890 3249 949 3306; x_wconf 81' lang='lat' dir='ltr'>cel&#39;</span> <span class='ocrx_word' id='word_1_183' title='bbox 962 3248 1095 3322; x_wconf 74' lang='lat' dir='ltr'>Tractus,</span> <span class='ocrx_word' id='word_1_184' title='bbox 1108 3248 1168 3317; x_wconf 77' lang='lat' dir='ltr'>Qui</span> <span class='ocrx_word' id='word_1_185' title='bbox 1179 3249 1334 3323; x_wconf 85' lang='lat' dir='ltr'>seminant,</span> 
     </span>
     <span class='ocr_line' id='line_1_34' title="bbox 135 3327 662 3403; baseline 0 -18"><span class='ocrx_word' id='word_1_186' title='bbox 135 3328 163 3385; x_wconf 83' lang='lat' dir='ltr'>ri</span> <span class='ocrx_word' id='word_1_187' title='bbox 175 3327 261 3402; x_wconf 82' lang='lat' dir='ltr'>infra</span> <span class='ocrx_word' id='word_1_188' title='bbox 274 3328 522 3403; x_wconf 71' lang='lat' dir='ltr'>Septuayesr&#39;ntam</span> <span class='ocrx_word' id='word_1_189' title='bbox 533 3329 662 3388; x_wconf 82' lang='lat' dir='ltr'>evenerit.</span> 
     </span>
    </p>

    <p class='ocr_par' dir='ltr' id='par_1_23' title="bbox 198 3420 400 3495">
     <span class='ocr_line' id='line_1_35' title="bbox 198 3420 400 3495; baseline 0.01 -18"><span class='ocrx_word' id='word_1_190' title='bbox 198 3420 400 3495; x_wconf 72' lang='lat' dir='ltr'>Eceaqeliam.</span> 
     </span>
    </p>

    <p class='ocr_par' dir='ltr' id='par_1_24' title="bbox 198 3501 948 3581">
     <span class='ocr_line' id='line_1_36' title="bbox 198 3501 948 3581; baseline 0.005 -23"><span class='ocrx_word' id='word_1_191' title='bbox 198 3501 302 3559; x_wconf 81' lang='lat' dir='ltr'>Simile</span> <span class='ocrx_word' id='word_1_192' title='bbox 315 3509 361 3559; x_wconf 89' lang='lat' dir='ltr'>est</span> <span class='ocrx_word' id='word_1_193' title='bbox 373 3522 497 3580; x_wconf 86' lang='lat' dir='ltr'>regnum</span> <span class='ocrx_word' id='word_1_194' title='bbox 511 3504 648 3561; x_wconf 88' lang='lat' dir='ltr'>caelorum</span> <span class='ocrx_word' id='word_1_195' title='bbox 662 3502 761 3562; x_wconf 90' lang='lat' dir='ltr'>decem</span> <span class='ocrx_word' id='word_1_196' title='bbox 774 3505 948 3581; x_wconf 85' lang='lat' dir='ltr'>virginibus.</span> 
     </span>
    </p>
   </div>
   <div class='ocr_carea' id='block_1_7' title="bbox 135 3591 1337 4102">
    <p class='ocr_par' dir='ltr' id='par_1_25' title="bbox 199 3591 738 3674">
     <span class='ocr_line' id='line_1_37' title="bbox 199 3591 738 3674; baseline 0.011 -25"><span class='ocrx_word' id='word_1_197' title='bbox 199 3591 395 3668; x_wconf 73' lang='lat' dir='ltr'>Offertorium.</span> <span class='ocrx_word' id='word_1_198' title='bbox 439 3594 617 3669; x_wconf 83' lang='lat' dir='ltr'>Offerentur,</span> <span class='ocrx_word' id='word_1_199' title='bbox 634 3598 738 3674; x_wconf 76' lang='lat' dir='ltr'>atejus.</span> 
     </span>
    </p>

    <p class='ocr_par' dir='ltr' id='par_1_26' title="bbox 197 3686 739 3746">
     <span class='ocr_line' id='line_1_38' title="bbox 197 3686 739 3746; baseline 0.004 -2"><span class='ocrx_word' id='word_1_200' title='bbox 197 3686 320 3746; x_wconf 83' lang='lat' dir='ltr'>Secreta.</span> <span class='ocrx_word' id='word_1_201' title='bbox 736 3698 739 3704; x_wconf 84' lang='lat'>&#39;</span> 
     </span>
    </p>

    <p class='ocr_par' dir='ltr' id='par_1_27' title="bbox 135 3767 1337 3988">
     <span class='ocr_line' id='line_1_39' title="bbox 197 3767 1337 3849; baseline 0.005 -25"><span class='ocrx_word' id='word_1_202' title='bbox 197 3767 331 3842; x_wconf 85' lang='lat' dir='ltr'>Hostias,</span> <span class='ocrx_word' id='word_1_203' title='bbox 355 3768 492 3842; x_wconf 89' lang='lat' dir='ltr'>Domine,</span> <span class='ocrx_word' id='word_1_204' title='bbox 507 3790 579 3846; x_wconf 85' lang='lat' dir='ltr'>quas</span> <span class='ocrx_word' id='word_1_205' title='bbox 599 3771 657 3828; x_wconf 91' lang='lat' dir='ltr'>tibi</span> <span class='ocrx_word' id='word_1_206' title='bbox 678 3772 827 3830; x_wconf 87' lang='lat' dir='ltr'>offerimus</span> <span class='ocrx_word' id='word_1_207' title='bbox 848 3770 1140 3849; x_wconf 66' lang='lat' dir='ltr'>propitius‘gsuscipe,</span> <span class='ocrx_word' id='word_1_208' title='bbox 1162 3779 1193 3830; x_wconf 89' lang='lat' dir='ltr'>et</span> <span class='ocrx_word' id='word_1_209' title='bbox 1214 3772 1337 3830; x_wconf 86' lang='lat' dir='ltr'>interce·</span> 
     </span>
     <span class='ocr_line' id='line_1_40' title="bbox 135 3849 1334 3930; baseline 0.006 -25"><span class='ocrx_word' id='word_1_210' title='bbox 135 3849 225 3906; x_wconf 89' lang='lat' dir='ltr'>dente</span> <span class='ocrx_word' id='word_1_211' title='bbox 238 3849 325 3906; x_wconf 85' lang='lat' dir='ltr'>beata</span> <span class='ocrx_word' id='word_1_212' title='bbox 338 3850 457 3927; x_wconf 83' lang='lat' dir='ltr'>Agnete</span> <span class='ocrx_word' id='word_1_213' title='bbox 470 3857 600 3928; x_wconf 86' lang='lat' dir='ltr'>martyre</span> <span class='ocrx_word' id='word_1_214' title='bbox 613 3859 675 3924; x_wconf 88' lang='lat' dir='ltr'>tua,</span> <span class='ocrx_word' id='word_1_215' title='bbox 689 3854 809 3911; x_wconf 85' lang='lat' dir='ltr'>vincula</span> <span class='ocrx_word' id='word_1_216' title='bbox 821 3860 1006 3930; x_wconf 89' lang='lat' dir='ltr'>peccatorum</span> <span class='ocrx_word' id='word_1_217' title='bbox 1026 3861 1194 3912; x_wconf 88' lang='lat' dir='ltr'>nostrorum</span> <span class='ocrx_word' id='word_1_218' title='bbox 1208 3853 1334 3912; x_wconf 87' lang='lat' dir='ltr'>absolve.</span> 
     </span>
     <span class='ocr_line' id='line_1_41' title="bbox 136 3929 382 3988; baseline 0.008 -2"><span class='ocrx_word' id='word_1_219' title='bbox 136 3929 197 3987; x_wconf 90' lang='lat' dir='ltr'>Per</span> <span class='ocrx_word' id='word_1_220' title='bbox 210 3929 382 3988; x_wconf 91' lang='lat' dir='ltr'>Dominum.</span> 
     </span>
    </p>

    <p class='ocr_par' dir='ltr' id='par_1_28' title="bbox 199 4020 744 4102">
     <span class='ocr_line' id='line_1_42' title="bbox 199 4020 744 4102; baseline 0.009 -22"><span class='ocrx_word' id='word_1_221' title='bbox 199 4020 383 4081; x_wconf 79' lang='lat' dir='ltr'>Conuaaaio.</span> <span class='ocrx_word' id='word_1_222' title='bbox 427 4024 564 4102; x_wconf 85' lang='lat' dir='ltr'>Quinque</span> <span class='ocrx_word' id='word_1_223' title='bbox 578 4029 744 4102; x_wconf 84' lang='lat' dir='ltr'>prudentes.</span> 
     </span>
    </p>
   </div>
   <div class='ocr_carea' id='block_1_8' title="bbox 197 4115 1336 4278">
    <p class='ocr_par' dir='ltr' id='par_1_29' title="bbox 197 4115 1336 4278">
     <span class='ocr_line' id='line_1_43' title="bbox 197 4115 440 4175; baseline 0.016 -4"><span class='ocrx_word' id='word_1_224' title='bbox 197 4115 440 4175; x_wconf 84' lang='lat' dir='ltr'>Poatcommuuio.</span> 
     </span>
     <span class='ocr_line' id='line_1_44' title="bbox 197 4195 1336 4278; baseline 0.006 -26"><span class='ocrx_word' id='word_1_225' title='bbox 197 4195 314 4254; x_wconf 84' lang='lat' dir='ltr'>Refecti</span> <span class='ocrx_word' id='word_1_226' title='bbox 328 4198 392 4254; x_wconf 89' lang='lat' dir='ltr'>cibo</span> <span class='ocrx_word' id='word_1_227' title='bbox 406 4205 536 4275; x_wconf 89' lang='lat' dir='ltr'>potuque</span> <span class='ocrx_word' id='word_1_228' title='bbox 550 4200 667 4274; x_wconf 86' lang='lat' dir='ltr'>caelesti,</span> <span class='ocrx_word' id='word_1_229' title='bbox 683 4201 765 4260; x_wconf 87' lang='lat' dir='ltr'>Deus</span> <span class='ocrx_word' id='word_1_230' title='bbox 779 4208 887 4275; x_wconf 89' lang='lat' dir='ltr'>noster,</span> <span class='ocrx_word' id='word_1_231' title='bbox 903 4209 933 4260; x_wconf 90' lang='lat' dir='ltr'>te</span> <span class='ocrx_word' id='word_1_232' title='bbox 957 4201 1102 4278; x_wconf 89' lang='lat' dir='ltr'>supplices</span> <span class='ocrx_word' id='word_1_233' title='bbox 1122 4221 1285 4273; x_wconf 84' lang='lat' dir='ltr'>exoramus,</span> <span class='ocrx_word' id='word_1_234' title='bbox 1300 4207 1336 4259; x_wconf 88' lang='lat' dir='ltr'>ut</span> 
     </span>
    </p>
   </div>
   <div class='ocr_carea' id='block_1_9' title="bbox 137 4274 1334 4418">
    <p class='ocr_par' dir='ltr' id='par_1_30' title="bbox 137 4274 1334 4418">
     <span class='ocr_line' id='line_1_45' title="bbox 137 4274 1334 4415; baseline 0.007 -82"><span class='ocrx_word' id='word_1_235' title='bbox 137 4274 267 4415; x_wconf 41' lang='lat' dir='ltr'>issrculjps</span> <span class='ocrx_word' id='word_1_236' title='bbox 291 4277 354 4370; x_wconf 77' lang='lat' dir='ltr'>lroec</span> <span class='ocrx_word' id='word_1_237' title='bbox 378 4281 653 4340; x_wconf 86' lang='lat' dir='ltr'>commemoratione</span> <span class='ocrx_word' id='word_1_238' title='bbox 672 4284 863 4360; x_wconf 89' lang='lat' dir='ltr'>percepimus,</span> <span class='ocrx_word' id='word_1_239' title='bbox 878 4285 941 4360; x_wconf 90' lang='lat' dir='ltr'>ejus</span> <span class='ocrx_word' id='word_1_240' title='bbox 964 4281 1134 4339; x_wconf 86' lang='lat' dir='ltr'>muniamur</span> <span class='ocrx_word' id='word_1_241' title='bbox 1147 4289 1178 4340; x_wconf 90' lang='lat' dir='ltr'>et</span> <span class='ocrx_word' id='word_1_242' title='bbox 1191 4284 1334 4360; x_wconf 85' lang='lat' dir='ltr'>precibus.</span> 
     </span>
     <span class='ocr_line' id='line_1_46' title="bbox 168 4375 385 4418; baseline 0.028 -6"><span class='ocrx_word' id='word_1_243' title='bbox 168 4375 200 4413; x_wconf 85' lang='lat' dir='ltr'>er</span> <span class='ocrx_word' id='word_1_244' title='bbox 243 4378 385 4418; x_wconf 84' lang='lat' dir='ltr'>ommam.</span> 
     </span>
    </p>
   </div>
   <div class='ocr_carea' id='block_1_10' title="bbox 634 4476 844 4522">
    <p class='ocr_par' dir='ltr' id='par_1_31' title="bbox 634 4476 844 4522">
     <span class='ocr_line' id='line_1_47' title="bbox 634 4476 844 4522; baseline 0 0"><span class='ocrx_word' id='word_1_245' title='bbox 634 4476 647 4502; x_wconf 76' lang='lat'>¹*</span> <span class='ocrx_word' id='word_1_246' title='bbox 663 4476 799 4522; x_wconf 70' lang='lat' dir='ltr'>Ora-MS.</span> <span class='ocrx_word' id='word_1_247' title='bbox 816 4477 844 4522; x_wconf 87' lang='lat' dir='ltr'>G.</span> 
     </span>
    </p>
   </div>
   <div class='ocr_carea' id='block_1_11' title="bbox 0 0 1478 5002">
    <p class='ocr_par' dir='ltr' id='par_1_32' title="bbox 0 0 1478 5002">
     <span class='ocr_line' id='line_1_48' title="bbox 0 0 1478 5002; baseline 0 0"><span class='ocrx_word' id='word_1_248' title='bbox 0 0 1478 5002; x_wconf 95' lang='lat' dir='ltr'> </span> 
     </span>
    </p>
   </div>
  </div>
 </body>
</html>
