2946 5002
661 344 784 410 Prosoe.
1260 347 1323 416 287
1344 330 1346 333 ⁵

207 513 325 585 Tecum,
340 512 447 588 inquit,
464 513 501 570 ad
514 512 664 589 propriam
677 512 753 583 volo,
768 518 861 589 pater,
876 512 956 569 hune
970 532 1105 571 revocare
1115 512 1252 589 patriam.

208 593 299 650 Pater
312 594 350 651 ad
366 594 427 650 haec
442 593 540 666 verba,
551 600 616 650 toto
630 593 716 650 corde
730 599 885 665 commoto,
899 593 999 669 inquit
1013 594 1109 651 felicia
1121 615 1129 666 3

207 674 309 732 Proles
322 675 405 746 mihi,
421 694 486 732 care
495 674 539 731 fili
548 674 598 746 mi,
614 675 640 732 Ο
653 674 675 732 J
677 679 750 747 uste,
765 673 838 750 quid
849 674 978 751 loqueris
991 674 1083 731 talial

208 756 241 812 Si
254 775 320 831 quae
334 755 455 813 adversa
468 756 525 812 tibi
538 757 570 812 in
584 755 633 812 via

207 835 399 912 Contingent,
414 856 467 912 ego
480 855 533 912 pro
547 846 577 893 te
591 855 697 911 magna
709 835 785 893 flebo
798 835 942 908 tristitia3

208 916 289 988 Noli,
304 925 388 993 pater
401 918 451 989 mi,
466 917 573 994 iuquit,
589 917 720 992 plorare:
736 917 826 974 Pater
839 915 1039 993 omnipotens*
1054 917 1166 974 Christi
1180 936 1226 974 me
1239 916 1324 974 liber-

288 998 352 1055 abit
399 998 470 1055 atie.

206 1078 288 1135 Freti
302 1018 415 1135 viuiie
428 1078 560 1154 angelica
572 1084 700 1154 pergunt
714 1078 876 1154 longinqua
886 1078 1004 1149 itinera,
1018 1078 1140 1136 fratrem
1154 1077 1299 1136 liberant:

206 1159 228 1216 J
229 1165 297 1216 usto
310 1179 401 1235 puero
411 1158 586 1235 praefulgida
600 1165 765 1235 praeparata
777 1165 848 1216 ante
862 1159 969 1216 saecula
981 1159 1065 1216 adest
1077 1159 1180 1235 gloria.

207 1240 315 1298 Terrea
328 1259 430 1315 passus
443 1241 583 1310 membra,
598 1239 668 1296 eaelo
682 1238 756 1296 dans
769 1239 907 1308 animam,

208 1319 340 1377 Candida
353 1320 519 1378 rubicunda
532 1321 626 1396 fulget
639 1321 672 1376 in
685 1339 824 1397 purpura

208 1402 318 1458 Omnes
332 1422 392 1458 una
406 1408 437 1458 te
451 1421 522 1459 voce
536 1401 677 1477 supplica,

207 1481 300 1538 Tuam
315 1482 486 1539 commenda
499 1501 653 1557 precamur
666 1481 785 1537 Christo
798 1480 952 1551 familiam,

208 1561 249 1618 Et
262 1564 294 1619 in
304 1569 415 1619 aeterna
428 1563 474 1619 fao
488 1570 586 1619 tecum
601 1581 662 1618 esse
676 1560 791 1618 laetitia.

207 1643 286 1701 Laus
300 1644 365 1702 Deo
380 1662 486 1719 magna
499 1662 552 1719 per
565 1649 671 1699 cuneta
685 1642 799 1699 saecula.

672 1797 770 1855 VIII.

486 1910 549 1986 <Du
569 1925 690 1967 amens
712 1908 967 1986 quocnrrmus.)

307 2034 407 2092 Oresa
421 2049 512 2090 rursu
523 2048 728 2102 coronemur,
743 2040 884 2107 utsupra
899 2030 967 2109 (vol.
984 2030 1002 2089 i
1019 2051 1047 2109 p.
1064 2031 1124 2109 24).

694 2187 754 2246 IX.

536 2303 599 2381 (Dr
621 2303 740 2362 Seuero
761 2300 910 2381 Srrnrru).

226 2415 338 2472 Senem
352 2413 493 2472 Smsrrus
507 2429 598 2471 lusu
611 2412 697 2469 nobis
710 2411 816 2488 gratia,
831 2419 866 2468 ot
878 2429 970 2487 sopra
985 2410 1054 2490 (vol.
1070 2411 1090 2469 i.
1102 2431 1130 2489 p.
1148 2410 1227 2489 153).

704 2576 745 2634 X.

527 2697 580 2777 (Iu
600 2714 654 2755 nm
675 2697 705 2757 S.
728 2699 912 2776 Swrrnuur.)

207 2821 355 2880 Gsunrrs
369 2821 497 2879 Onnum
512 2836 689 2879 rensuum
698 2821 838 2897 jocunda,

206 2901 408 2960 Oaelioolarum
421 2901 523 2960 cohors
536 2901 706 2959 laetabunda
718 2901 825 2979 gaudia
838 2902 927 2979 hujus
940 2903 1001 2962 diei
1012 2906 1159 2981 praeoelsa,

206 2983 307 3041 Iaude
319 2983 396 3041 celsa
409 2983 590 3040 sollemniter
603 2982 753 3040 Swithuni
764 2983 869 3042 inclita
881 2989 913 3041 et
925 2987 1117 3061 praeeonizet†
1130 2987 1244 3047 merita

207 3063 294 3122 Orbis
307 3070 338 3122 et
352 3063 532 3140 quadrifidus
545 3064 706 3122 multisona
718 3064 805 3122 laude
817 3065 992 3141 respondeat

205 3143 287 3202 Mira
300 3143 471 3221 depromens
483 3151 566 3221 gesta
579 3144 737 3220 insigniter
750 3145 783 3201 in
796 3164 827 3202 se
841 3146 1050 3221 demonstrate,

204 3223 263 3282 Per
275 3224 410 3282 Paradisi
422 3223 529 3298 rutiliss
542 3224 784 3301 pretiosissimam
797 3225 993 3284 hierarchiam

206 3304 328 3363 Patrem
341 3305 530 3364 Swithunum
543 3311 716 3363 vernantem
729 3305 903 3363 meritorum
917 3307 994 3365 clara
1004 3328 1110 3367 corona
1121 3327 1132 3381 3

206 3386 267 3456 Qui
278 3391 396 3463 gentem
409 3394 491 3444 ortus
504 3386 551 3447 sui
564 3386 639 3443 sacri
652 3385 779 3456 decorat,

204 3467 364 3525 Virtutum
376 3468 471 3525 nobili
484 3474 591 3526 ornatu
604 3467 732 3538 decorat,

204 3546 386 3625 Malagmate
399 3548 521 3606 oaelifluo
534 3548 582 3625 pie
596 3566 704 3604 sanans
716 3547 835 3623 agmina

203 3628 342 3687 Invalida
354 3629 447 3704 plebis
460 3635 551 3705 atque
560 3634 630 3686 vota
641 3630 705 3686 Deo
720 3634 909 3705 praesentans‚

202 3709 382 3768 Veneranda
394 3710 487 3786 ipsius
500 3708 613 3767 eaelitus
626 3708 664 3766 ad
677 3709 801 3786 pignora
814 3728 867 3785 per
879 3709 977 3786 spatie
989 3710 1165 3769 creberrima

202 3791 305 3868 Hujus
318 3790 398 3847 saeeli
410 3796 543 3848 extrema
555 3796 689 3866 tempora
702 3793 763 3848 fere
776 3795 862 3847 tanta
873 3788 990 3866 replens
1002 3791 1147 3850 miranter
1158 3792 1261 3869 gloria,

203 3871 322 3941 Quanta
346 3871 401 3928 sub
423 3871 489 3948 ipsa
505 3877 639 3947 tempora
655 3870 814 3948 apostoliea
826 3871 891 3947 jam
908 3871 1031 3929 fulserat
1049 3891 1174 3951 eumque
1198 3873 1320 3951 pelleret

281 3951 518 4010 umbradebilia.
1293 3952 1295 3956 ’

202 4031 278 4090 Haeo
301 4038 348 4090 est
373 4031 510 4090 columna
533 4031 673 4108 praeclara
700 4030 813 4090 Christi
834 4032 931 4110 gratia
955 4051 1108 4091 coruscam
1128 4054 1182 4112 per
1201 4035 1320 4095 climata

282 4112 439 4170 laudanter
451 4112 556 4170 mundi
568 4113 716 4171 universa

202 4193 278 4251 Haeo
290 4198 335 4251 est
348 4212 464 4269 gemma
477 4193 608 4269 angelica
618 4192 718 4251 lucens
731 4192 793 4268 poli
806 4212 859 4268 per
872 4193 1030 4271 Capitolia,

203 4273 275 4343 Quae
288 4274 421 4332 illustret
434 4273 521 4332 corda
534 4280 636 4331 nostra
649 4281 739 4350 atque
753 4273 791 4329 ad
804 4280 915 4333 aetema

203 4353 297 4415 Ievet
310 4374 408 4432 regna

282 4483 295 4509 ¹
310 4481 456 4530 lIS.-om‡
575 4479 833 4543 †lIS.-pra>ooniter.
953 4483 967 4544 t
982 4483 1154 4537 hia-mrim
