2946 5002
188 358 229 428 76
645 354 922 442 rese-Aeque.

247 522 445 585 Communio.'
469 522 603 583 Gaudete
615 523 699 601 justi.

246 602 487 664 Posteommemio.

246 685 366 760 Praeste,
382 704 557 763 quaesumus,
578 685 708 744 Domine
728 684 812 743 Deus
831 689 941 757 noster,
955 686 991 740 ut
1010 681 1094 759 cujus
1114 680 1199 739 nobis
1218 679 1383 738 festivitate

185 765 287 824 votive
300 772 371 824 sunt
384 772 574 839 sacramente,
590 767 653 843 ejus
666 766 752 824 nobis
764 764 972 824 intercessione
985 763 1127 822 saluteris
1139 762 1309 821 reddantur.

246 846 320 905 Alie
335 844 596 907 Posteommueio.*

246 927 367 1001 Praeste,
383 947 561 1005 quaesumus,
576 927 670 1001 nobis,
685 926 823 1000 Domine,
837 923 1088 985 intercedentibus
1104 923 1214 982 sanctis
1226 922 1289 981 tuis
1307 922 1383 980 Feli·

185 1007 301 1066 cissimo
319 1014 351 1066 et
367 1009 508 1086 Agepito‚
523 1014 559 1066 ut
578 1027 644 1085 quae
664 1027 715 1066 ore
727 1007 905 1086 contigimus
918 1023 993 1084 pure.
1012 1010 1111 1064 mente
1124 1005 1282 1083 cupiemus.
1325 1004 1384 1062 Per

186 1088 358 1148 Dominum.
401 1089 463 1150 Sub
476 1109 540 1148 utto
553 1089 738 1148 eeclesiam.
1322 1108 1324 1112 ·

421 1288 533 1348 seron
554 1287 686 1364 Dorum,
708 1304 867 1349 nsrrrnrs.
911 1288 976 1368 (vii.
991 1287 1037 1348 Id.
1052 1285 1147 1367 Aug.)

247 1417 388 1495 Officium.
431 1419 534 1477 Gloria
547 1420 710 1480 ethonore.

246 1499 356 1558 Oratio.
399 1500 524 1572 Praeste,
538 1520 714 1577 quaesumus.

245 1580 391 1639 Memorio
404 1583 439 1640 de
454 1590 553 1640 saneto
566 1582 660 1640 Petro

244 1660 386 1736 Epistol.
429 1661 527 1720 Nemo
539 1662 672 1722 militans
685 1661 758 1721 Deo.

248 1741 384 1800 Oradele.
427 1742 538 1800 Beatus
551 1743 606 1804 vir.

245 1822 394 1899 Alleluye.
443 1823 473 1881 V.
495 1823 603 1881 Justus
616 1829 651 1882 ut
664 1823 770 1900 palme.

244 1902 447 1978 aneqelium.
489 1903 624 1981 Vigilate
637 1905 707 1981 quie
719 1903 847 1963 nescitis.

246 1983 439 2057 Offertorium.
482 1984 522 2041 In
537 1984 658 2043 virtute.

247 2063 429 2123 Commenta
473 2064 551 2134 Quia
564 2066 633 2123 vult
645 2065 754 2124 venire.

239 2145 398 2204 Domieieo
417 2143 502 2219 infra
523 2154 638 2204 octovas
658 2147 753 2204 salicti
776 2145 859 2207 Petri
882 2144 982 2204 omnic
997 2147 1080 2220 fiunt
1097 2144 1173 2203 ecee
1193 2143 1228 2201 ire
1248 2141 1295 2200 die
1316 2161 1383 2200 cum

186 2225 349 2302 Sequentia,
366 2226 434 2283 Hac
446 2226 479 2282 in
492 2225 548 2299 die,
563 2236 599 2285 ut
611 2227 646 2284 iii
658 2227 717 2285 etio
731 2227 815 2286 Festo
828 2225 912 2304 infre
928 2226 1068 2286 Oetaeos·

317 2423 357 2480 Iu
378 2423 504 2482 Ocrsvs
524 2438 630 2482 ssuorr
650 2423 747 2483 Pernr
767 2440 809 2483 sn
829 2425 982 2486 Vrucunu
1026 2424 1077 2503 (vi.
1093 2425 1139 2483 Id.
1154 2423 1248 2502 Aug.)

247 2558 386 2636 Officiwn.
430 2562 521 2620 Nunc
535 2562 594 2621 scio
607 2581 684 2621 vere.

247 2642 356 2701 Oratio.
399 2643 491 2715 Deus,
508 2643 561 2718 qui
573 2645 693 2702 beatum
707 2644 838 2706 Petrum.

245 2722 389 2799 Epistohs.
432 2724 519 2782 Misit
532 2724 674 2785 Herodes.

247 2802 381 2862 Oradele.
424 2803 602 2864 Constitucs.

245 2884 395 2960 Alleluys.
445 2885 475 2943 V.
498 2884 544 2942 Tu
558 2905 588 2943 es
602 2884 718 2944 Petrus.

245 2961 424 3101 &cosentio
466 2965 506 3023 In
520 2964 809 3048 sollemni—MSS]

247 3045 448 3184 Oeenqelium.
491 3046 588 3104 Venit
600 3047 623 3104 J
624 3067 690 3106 esus
703 3048 736 3105 in
748 3054 847 3124 partes
862 3047 999 3107 Oaesareae
1013 3046 1155 3125 Philippi.

272 3126 352 3184 rede.

246 3205 440 3281 Offertorium.
483 3207 655 3268 Constitues
669 3227 725 3267 eos.

244 3287 366 3347 Secreto.
409 3288 552 3346 Oblatum
565 3290 630 3361 tibi,
646 3290 782 3349 Domine.

247 3368 429 3428 Communis
472 3369 519 3427 Tu
532 3390 564 3428 es
577 3370 691 3430 Petrus.

245 3450 510 3515 Posteommsmio.†
550 3451 687 3528 Corporis
701 3452 783 3510 sueri.

247 3642 359 3700 Eonnu
380 3659 433 3700 nur
454 3657 635 3700 mucronum
655 3659 825 3702 usnsrnun
846 3643 984 3717 (lumem,
1006 3657 1220 3712 semotusque
1240 3655 1320 3699 usus

678 3734 729 3810 (vi.
745 3735 790 3796 Is
805 3734 899 3816 Aug.)

247 3837 389 3914 Officium.
432 3839 547 3897 Timete
560 3837 732 3898 Dominum.

248 3920 358 3979 Oratis.

246 4000 337 4072 Deus,
362 3999 414 4078 qui
436 4019 490 4058 nos
507 4019 607 4058 annue.
622 4000 703 4079 besti
726 4000 865 4077 martyris
888 4001 935 4059 tui
957 4000 1075 4078 Oyrisci
1096 4000 1299 4076 sociorumque
1320 3997 1384 4074 ejus

184 4081 383 4140 sollemnitate
404 4081 545 4153 laetifices,
567 4081 691 4140 concede
712 4081 867 4159 propitius,
890 4087 926 4140 ut
948 4101 1074 4158 quorum
1091 4081 1229 4140 natalitia
1251 4078 1383 4150 colimus,

185 4162 330 4221 virtutem
344 4181 462 4240 quoque
475 4161 619 4239 passionis
632 4168 790 4221 mutemur.
833 4162 892 4222 Per
905 4163 1078 4221 Dominum.

246 4305 260 4331 ⁸*
275 4305 328 4350 MS.
340 4305 530 4353 D.—Beetorum
539 4307 673 4366 martyrum
683 4309 780 4352 tuorum
795 4305 866 4363 Sinti,
876 4304 1027 4363 Felicissimi,
1036 4306 1061 4350 et
1071 4305 1180 4366 Agepiti,
1189 4303 1300 4360 Domine,
1308 4302 1384 4349 inter-

186 4364 293 4434 cessione
313 4365 428 4423 pleoetus,
448 4368 543 4469 fraeila’
563 4378 709 4424 quaesumus,
728 4369 756 4411 ut
774 4365 891 4434 mysterio
910 4367 1000 4424 scroto,
1020 4377 1075 4423 quae
1093 4363 1221 4425 temporali
1236 4362 1384 4410 celebremus

186 4427 288 4481 oenone,
298 4428 414 4482 perpetus
424 4437 450 4470 se
460 4428 555 4472 retrone
565 4425 693 4484 cupiemus.
724 4424 772 4471 Per
781 4425 918 4471 Dominum.

246 4495 260 4556 τ
274 4494 327 4542 ns.
339 4494 510 4544 n-uunees
519 4495 605 4544 usn.
