2946 5002
574 358 671 424 Festo
692 359 884 425 Februarii.

190 521 306 596 Epistol
324 566 330 580 .
374 523 448 581 Eece
457 525 588 589 sacerdos
599 546 731 602 magnus,
744 528 796 603 qui
805 528 838 584 in
849 528 951 586 diebus
962 528 1022 585 suis
1032 529 1145 604 placuit
1155 528 1220 586 Deo
1229 529 1327 586 Israel.

193 602 328 660 Grodot.
373 604 447 661 Ecce
464 606 604 666 sacerdos.

190 683 339 759 Alleluya.
389 685 418 742 V.
443 685 581 743 Posuisti.

192 764 412 838 Eoonpetiumil'
452 767 556 824 Nolite
569 768 674 825 timere
688 768 813 845 pusillus
826 790 897 847 grex
911 791 1002 845 usqae
1016 772 1056 828 oct
1080 771 1243 829 constituet
1256 791 1329 829 eum.

194 843 386 918 Offertom'om.
419 848 540 919 ,Inveni
553 848 660 906 David.

195 925 374 986 Communia
418 924 529 986 Beatus
543 949 651 989 servus

371 1146 503 1203 Ocmva
524 1163 644 1204 sinere
666 1148 814 1206 Acumrs.
867 1146 905 1224 (v.
923 1146 991 1205 Kal
1008 1144 1093 1225 Feb.)

196 1281 335 1356 Officium.
379 1284 509 1342 Vultum
522 1290 617 1343 tuum.

198 1362 306 1420 Oratio.

195 1443 286 1514 Deus,
315 1445 368 1520 qui
395 1465 448 1502 nos
474 1466 574 1503 annua
607 1448 700 1503 beatae
729 1446 856 1523 Agnetis
883 1448 1023 1522 maityris
1046 1453 1106 1504 tuae
1138 1446 1334 1504 sollemnitate

134 1524 273 1597 laetificae,
290 1526 336 1597 da,
352 1546 526 1602 quaesumus,
543 1533 680 1602 utquam
702 1547 877 1584 veneramur
899 1528 992 1585 officio
1007 1529 1096 1586 etiam
1111 1529 1167 1604 piae
1182 1547 1331 1586 conversa-

134 1606 225 1661 tionis
240 1626 396 1680 sequamur
410 1608 551 1683 exemplo.
595 1608 654 1665 Per
665 1609 837 1668 Dominum.

195 1685 338 1761 Epistola.
382 1687 559 1748 Confitebor.

198 1766 331 1827 Grodote.
375 1769 492 1827 Diffusa
505 1775 556 1827 est.

195 1848 343 1925 Alleluya.
393 1850 421 1908 V.
446 1851 547 1926 Specie
560 1856 621 1908 tua.

194 1929 395 2004 Eooopetiam.
440 1932 542 1988 Simile
555 1938 599 1989 est
613 1952 737 2008 regnum
751 1932 889 1990 caelorum
903 1931 1049 1990 thesauro.

198 2010 390 2083 Qffertom'um.
434 2013 612 2085 Offerentur,
629 2015 736 2071 mimm

197 2090 317 2151 Secreto.

197 2171 292 2248 Super
304 2172 366 2245 has,
383 2194 556 2250 quaesumus,
571 2174 707 2247 Domine,
723 2175 887 2232 oblationes
907 2173 1073 2231 benedictio
1093 2173 1211 2249 copiosa
1224 2173 1336 2231 descen-

136 2252 195 2323 dat,
211 2273 276 2327 quae
291 2261 321 2310 et
336 2255 596 2312 sanctificationem
613 2256 698 2312 nobis
718 2255 878 2312 clementer
899 2261 1043 2331 operetur,
1066 2261 1096 2312 et
1116 2255 1152 2311 de
1173 2260 1337 2332 martyrum

135 2352 189 2389 nos
203 2333 402 2392 sollemnitate
415 2335 551 2392 laetificet.
595 2336 654 2392 Per
668 2335 839 2393 Dominum.

198 2412 377 2472 Commutato.
422 2415 523 2473 Simile
538 2422 583 2473 est
596 2436 720 2492 regnum
734 2416 874 2473 caelorum
888 2416 1003 2473 homini
1016 2416 1201 2492 negotiatori.

199 2495 462 2556 Postcommum'o.†

199 2574 392 2651 sumpsimus,
409 2575 546 2647 Domine,
562 2577 745 2653 celebritatis
758 2598 864 2634 annuae
878 2578 980 2635 votiva
999 2583 1201 2650 sacramenta,
1223 2577 1337 2654 praesta,

138 2675 314 2792 (passumus,
342 2664 377 2713 ut
400 2657 570 2733 temporalis
602 2658 687 2715 nobis
720 2660 790 2716 vitae
825 2659 955 2716 remedia
975 2660 1125 2735 praebcant
1152 2665 1184 2716 et
1211 2664 1336 2717 aeternae.

166 2756 205 2794 er.

252 2914 380 2972 Sinoria
400 2914 557 2985 Birinms,
580 2930 704 2971 sacrun
725 2930 763 2971 m
785 2929 944 2970 Marsonia
990 2911 1043 2990 (iii.
1063 2912 1133 2970 Kal.
1150 2908 1235 2990 Feb.)

201 3051 340 3126 Officium.
384 3051 534 3109 Dilexisti

202 3133 311 3191 Orat-io.
355 3133 551 3208 Omnipotens
565 3132 749 3208 sempiterne.

199 3214 314 3289 Epistol
334 3261 340 3273 .
384 3213 542 3271 Mulierem
550 3215 667 3285 fortem,
676 3233 770 3288 quere
780 3213 813 3270 io
821 3213 905 3273 Festo
914 3221 1021 3270 sanctio
1030 3210 1067 3267 M
1065 3213 1137 3270 cm'ae
1146 3211 1182 3268 M
1181 3211 1339 3288 oqdolemo.

202 3294 337 3354 Gradate.
380 3293 531 3352 Dilexisti.

200 3376 349 3452 Alleluya.
400 3377 429 3434 V.
453 3375 571 3432 Diffusa
584 3382 636 3432 est.

200 3457 401 3532 anopeliom.
445 3456 547 3514 Simile
562 3462 607 3512 est
619 3476 744 3532 regnum
758 3458 896 3516 caelorum
909 3456 1056 3514 thesauro.

202 3537 396 3612 Offertorium.
440 3537 524 3594 Filiae
539 3555 649 3611 regum.

202 3619 385 3678 Oomtitooio.
429 3618 531 3676 Simile
545 3623 589 3674 est
603 3637 726 3693 regnum
741 3618 886 3676 caelorum.

286 3844 414 3903 Sinone
435 3835 586 3917 Barcina,
608 3848 746 3900 macnus
767 3857 830 3898 nou
851 3855 1010 3898 ummms.
1055 3837 1138 3917 (Kal.
1155 3837 1240 3917 Feb.)

203 3985 343 4059 Officium.
387 3981 517 4038 Vultum
532 3987 625 4038 tuum.

202 4066 311 4124 Oratio.
355 4064 548 4139 Omnipotens
563 4060 740 4137 sempiterne
754 4060 845 4131 Deus,
860 4060 894 4118 io
910 4058 1073 4120 Communi.

201 4146 343 4223 Epicteto.
388 4145 446 4214 Qui
460 4144 612 4220 gloriatur.

202 4286 215 4310 ³*
231 4284 284 4329 MS.
296 4282 466 4340 A.-Vigilate
477 4281 533 4340 quia
542 4279 649 4326 nescitis.
1306 4334 1312 4346 ὓ

199 4345 212 4405 †
228 4344 280 4388 MS.
293 4341 538 4388 D.-Postoommonio.
570 4341 679 4399 Sumpta,
689 4339 953 4397 quaeeumus,Domine‚
964 4342 1045 4384 saneta
1053 4337 1167 4397 mysteria
1181 4350 1227 4382 noe
1240 4335 1342 4382 interius

140 4404 294 4460 exteriusque
312 4405 461 4457 conservent,
479 4404 503 4445 et
512 4399 675 4445 intercedente
684 4397 754 4442 beata
769 4400 873 4457 Agnete,
883 4398 979 4456 virgine
990 4402 1033 4444 tua
1043 4401 1067 4444 ot
1076 4401 1189 4456 martyre,
1199 4399 1343 4455 presentem

141 4464 212 4510 nobis
222 4461 346 4507 conferant
356 4461 506 4505 clementiam
516 4463 541 4504 et
551 4464 670 4504 oeternam.
702 4458 756 4505 Per.

201 4520 263 4568 This
273 4533 356 4579 agrees
365 4520 426 4566 with
435 4520 476 4564 the
488 4519 582 4566 Sarum.
