2946 5002
189 334 251 400 144
458 330 507 396 In
520 329 643 396 Natali
659 328 897 417 plurimorum
911 329 1115 415 Martyrum.

245 495 295 555 Aa
309 494 443 555 Hebraeos
456 496 512 570 (ai.
529 496 644 574 33-39).

244 577 380 635 Fratres:
403 577 505 635 Sancti
518 578 672 653 perfidem
695 577 831 635 vicerunt
852 598 941 653 usqne
968 577 1009 634 od
1030 575 1148 655 probati
1168 574 1289 634 inventi
1310 581 1379 632 sunt

187 659 220 718 in
235 657 353 715 Christo
366 658 388 715 J
390 677 440 715 esu
454 657 584 716 Domino
597 664 706 716 nostro,

247 751 343 808 Lectio
358 751 425 808 libri
438 749 595 826 Sapientiae
611 752 715 828 (Pron.
730 772 774 809 ccv.
792 754 849 824 2-4,
867 752 915 810 6-8
916 751 942 828 )

247 831 363 906 Lingua
376 831 554 906 sapientium
568 837 653 888 ornat
667 832 820 890 scientiam
839 851 929 908 nsque
948 832 989 888 od
1003 831 1063 900 Qui
1076 830 1211 907 sequitur
1220 828 1380 905 justitiam,

188 911 329 988 diligetur
342 932 359 969 a
373 911 510 970 Domino.

248 1005 343 1062 Lectio
357 1004 426 1062 libii
438 1004 597 1080 Sapientiae
609 1003 738 1081 (Ecclns.
755 1005 822 1064 colio.
839 1004 954 1081 10-15).

245 1084 293 1142 Hi
315 1091 386 1142 sunt
407 1086 466 1142 viri
486 1085 691 1142 misericordiae
711 1106 801 1161 caque
821 1087 863 1144 acl
881 1092 913 1144 et
936 1085 1055 1142 laudem
1078 1104 1180 1143 eorum
1203 1081 1379 1160 pronuntiet

187 1167 284 1224 omnis
297 1166 416 1224 ecelesia
430 1171 606 1223 sanctorum.

247 1258 387 1334 Epistola
430 1259 452 1316 J
454 1264 587 1316 ustorum
600 1258 713 1328 animae,
728 1268 763 1316 nt
775 1279 874 1330 snpra.

243 1349 287 1408 In
305 1351 412 1426 Vipilio
426 1351 626 1426 plurimorum
640 1352 841 1426 apostoloram.

247 1444 343 1501 Lectio
356 1443 425 1501 libri
438 1443 594 1519 Sapientiae
607 1442 652 1519 (o.
671 1444 787 1518 15-22).

247 1524 270 1582 J
270 1525 332 1581 usti
355 1531 454 1581 autem
478 1525 510 1580 in
533 1530 708 1600 perpetuum
732 1526 837 1582 vivent
860 1545 950 1598 nsque
973 1525 1015 1582 od
1037 1530 1069 1582 et
1091 1524 1130 1581 ad
1149 1528 1264 1581 certum
1284 1522 1381 1582 locum

188 1604 313 1664 deducet
326 1604 392 1661 illos
406 1605 552 1661 Dominus
568 1606 649 1662 Deus
662 1612 770 1662 noster.

249 1685 346 1743 Lectio
360 1685 656 1763 inauspicatam.
676 1685 788 1763 17-20).

248 1766 366 1824 Reddet
388 1766 470 1824 Deus
490 1767 653 1824 mercedem
677 1766 811 1824 laborum
834 1772 1003 1824 sanctorum
1027 1785 1147 1823 suorum
1173 1783 1265 1840 usqne
1286 1765 1328 1822 ad
1351 1768 1382 1822 et

187 1847 341 1905 victricem
354 1866 475 1904 manum
488 1853 572 1904 tuam
585 1847 782 1905 laudaverunt
795 1848 906 1924 pariter
920 1847 1048 1904 Domine
1062 1847 1144 1903 Deus
1157 1853 1266 1903 noster.

248 1928 343 1985 Lectio
357 1927 495 2002 Epistola
508 1928 582 1986 lecti
596 1928 679 1986 Petri
691 1927 822 2003 Apostoli
838 1929 874 2005 (l
891 1929 910 1987 i.
929 1927 996 1999 3-73
1016 1928 1053 1986 io.
1072 1927 1098 1999 l,
1115 1927 1142 1997 2,
1160 1924 1258 2001 7-11).

248 2008 368 2066 Fratres
379 2029 385 2064 :
406 2009 585 2066 Benedictus
599 2010 680 2066 Deus
694 2015 725 2066 et
738 2009 831 2067 Pater
840 2009 964 2066 Domini
974 2009 1069 2084 nostri
1079 2027 1170 2082 usqne
1178 2008 1220 2064 ocl
1232 2007 1265 2063 in
1277 2004 1381 2064 saecula

188 2089 369 2149 saeculorum.
414 2092 521 2147 Amen.

249 2168 299 2226 Ad
313 2169 480 2228 Corinthios
492 2170 531 2242 (2
546 2170 565 2228 i.
582 2167 656 2247 3-7).

248 2250 367 2307 Fratres
380 2271 386 2307 :
411 2250 587 2308 Benedictus
602 2251 683 2307 Deus
697 2255 727 2307 et
741 2250 831 2308 Pater
844 2249 967 2308 Domini
980 2249 1077 2307 nostri
1087 2268 1177 2324 nsque
1190 2247 1232 2306 acl
1243 2247 1286 2306 sie
1299 2246 1382 2306 eritis

78 2352 80 2357 ⁴
189 2337 220 2389 et
234 2331 449 2400 consolationis,
465 2331 503 2386 In
518 2330 636 2388 Christo
649 2331 671 2388 J
673 2350 724 2387 esu
738 2331 867 2389 Domino
881 2338 989 2389 nostro.

249 2409 299 2468 Aol
315 2410 481 2469 Corinthios
494 2412 529 2487 (l
546 2412 582 2468 io.
601 2411 695 2488 9-14)

249 2492 382 2548 Fratres:
397 2491 601 2567 Spectaculum
611 2491 682 2548 facti
696 2511 797 2550 sumus
807 2492 876 2550 huic
889 2492 1000 2549 mundo
1011 2498 1042 2549 et
1052 2490 1163 2568 angelis
1173 2496 1203 2549 et
1212 2489 1382 2548 hominibus

188 2593 279 2648 nsque
293 2574 333 2630 ad
353 2572 404 2630 sed
421 2580 457 2631 ut
476 2573 553 2630 filios
573 2593 652 2631 meos
672 2574 834 2631 carissimos
851 2592 964 2645 moneo,
979 2573 1151 2639 Insshristo
1164 2573 1239 2631 Jesu
1252 2570 1382 2629 Domino

189 2660 299 2714 nostro.
601 2669 604 2675 ·

250 2734 301 2790 Aa
313 2734 448 2791 chraeos
461 2733 504 2810 (oc.
523 2732 638 2809 32-38).
1217 2803 1220 2808 Ι

249 2813 383 2870 Fratres:
397 2814 648 2871 Rememoramini
661 2814 801 2890 pristinos
815 2814 884 2888 dies,
896 2815 929 2871 in
942 2815 1050 2891 quibus
1063 2813 1226 2872 illuminati
1239 2832 1330 2889 usqne
1342 2811 1382 2870 od

189 2894 212 2952 J
213 2900 297 2951 ustus
311 2900 411 2951 autem
424 2914 506 2952 meus
520 2914 557 2952 ex
571 2894 628 2951 fide
641 2895 727 2952 vivit.

250 2991 345 3049 Lectio
359 2990 427 3048 libri
440 2990 631 3067 Apocalypsis
644 2991 718 3049 beati
730 2991 757 3048 J
755 2991 879 3051 olonnia
892 2991 1023 3068 Apostoli
1038 2993 1107 3067 (oii.
1126 2989 1240 3069 13-17).

251 3071 291 3128 In
309 3072 411 3130 diebus
430 3071 498 3143 illis,
514 3073 704 3148 Respondens
726 3093 803 3131 unus
824 3075 861 3131 de
881 3075 1045 3131 senioribus
1064 3094 1155 3149 aspice
1174 3073 1217 3132 cd
1234 3072 1382 3149 absterget

191 3172 308 3212 omnem
322 3152 481 3228 lacrymam
494 3155 532 3211 ab
545 3153 637 3212 oculis
651 3174 760 3212 eorum.

254 3232 387 3292 erman

253 3314 405 3371 Gloriosus
418 3313 502 3372 Deus
514 3315 546 3372 in
561 3315 669 3373 sanctis
682 3316 827 3374 mirabilis
840 3317 873 3373 in
885 3318 1048 3392 majestate,
1063 3315 1173 3374 faciens
1186 3314 1329 3391 prodigia

196 3396 226 3456 V.
253 3395 385 3453 Dextera
398 3401 459 3466 tua,
475 3396 610 3468 Domine,
625 3397 788 3473 glorificata
806 3405 851 3455 est
871 3398 905 3454 in
925 3398 1057 3455 virtute:
1078 3397 1201 3455 dextera
1213 3415 1319 3455 manus
1331 3401 1384 3452 tua

192 3476 335 3552 confregit
348 3476 509 3534 inimicum.
1385 3496 1389 3503 ·

254 3556 387 3615 (laudale.

253 3637 463 3694 Clamaverunt
471 3639 556 3713 justi,
572 3643 602 3695 et
611 3638 759 3697 Dominus
769 3638 923 3698 exaudivit
936 3658 1004 3698 eos:
1025 3644 1056 3697 et
1066 3659 1104 3697 ex
1114 3638 1250 3697 omnibus
1263 3636 1385 3696 tribula·

192 3718 322 3776 tionibus
337 3737 438 3775 eorum
451 3718 589 3776 liberavit
602 3738 658 3777 eos.

193 3800 236 3938 g}
254 3799 275 3857 J
274 3806 350 3936 ἔξω
363 3806 408 3857 est
421 3799 568 3858 Dominus
587 3799 634 3858 his
655 3800 708 3876 qui
729 3800 871 3859 tribulato
885 3805 956 3858 sunt
969 3801 1073 3859 corde:
1092 3806 1123 3859 et
1135 3799 1264 3871 hmiles
1277 3798 1384 3878 spiritu

237 3900 274 3937 va
295 3900 328 3936 1.
932 3902 934 3907 ·

255 3959 389 4019 Grodole.

255 4041 458 4099 Exsultabnnt
472 4042 566 4100 sancti
579 4041 611 4099 in
624 4040 734 4118 gloria:
755 4042 935 4100 laetabuntur
947 4043 978 4101 in
994 4043 1140 4101 cubilibus
1153 4041 1222 4101 suis.

199 4121 227 4181 V.
255 4120 382 4259 3³11}th
394 4123 523 4181 Domino
537 4123 685 4182 canticum
698 4143 827 4182 novum:
847 4123 911 4181 lans
924 4125 987 4200 ejus
1000 4124 1033 4181 in
1046 4124 1166 4188 ecclesia
1178 4128 1355 4182 sanctorum.

254 4223 392 4356 viidie}
408 4284 543 4357 Domine,
559 4286 728 4364 sanguinem
745 4289 914 4344 sanctorum
927 4291 1047 4345 tuorum
1061 4286 1113 4362 qui
1127 4286 1236 4344 effusus
1249 4291 1302 4345 est.

199 4362 229 4421 V.
256 4363 423 4422 Posuerunt
435 4367 571 4424 mortalia
584 4386 735 4425 servorum
748 4373 869 4427 tuorum
891 4387 969 4427 escas
989 4366 1161 4426 volatilibus
1181 4367 1264 4427 caeli:
1286 4381 1388 4427 carnee

193 4449 363 4502 sanetorum
376 4451 496 4504 tuorum
510 4447 611 4507 bestiis
623 4455 717 4508 terrae.
