2946 5002
160 334 223 423 ²208
382 349 384 355 ’
552 333 739 438 Sequentiae
754 319 969 416 ‘coementi

218 523 295 582 Item
308 522 371 580 aliu
383 519 549 597 Sequentia.
594 590 597 599 1

508 599 645 658 Verbum
654 599 766 655 bonum
779 603 810 654 et
823 612 913 654 suave

547 680 742 738 Personemns
755 678 831 735 illud
844 678 921 748 Ave,

547 761 606 826 Per
619 759 698 836 quod
712 758 826 817 Christi
841 760 875 816 fit
888 756 1026 816 conclave

586 841 689 917 Virgo,
703 847 808 911 mater,
822 838 902 911 filia;
952 905 954 909 ¹

506 923 566 981 Per
579 922 658 998 quod
671 922 739 986 Ave
753 920 890 990 salutata,

546 1004 622 1077 Mos
636 1002 770 1077 concepit
783 1001 941 1058 fecundata

545 1085 649 1160 Virgo,
663 1082 762 1143 David
775 1082 868 1158 stirpe
882 1087 961 1153 nata,

586 1164 673 1233 Inter
686 1164 785 1239 spinas
798 1163 871 1220 lilia

505 1246 582 1315 Ave,
597 1244 662 1301 veri
675 1243 840 1301 Salomonis

545 1327 653 1397 Mater,
668 1324 763 1381 vellus
778 1323 933 1394 Gedeonis,

546 1406 638 1482 Cujus
651 1404 731 1481 magi
743 1404 839 1461 tribus
852 1403 937 1461 donis

585 1486 725 1544 Laudant
737 1484 934 1562 puerperium.

503 1569 582 1640 Ave,
591 1567 688 1632 ¹solem
700 1566 839 1642 genuisti,

545 1650 614 1706 Ave
627 1647 738 1724 prolem
751 1646 904 1723 protulisti
911 1662 930 1718 3¹
947 1661 952 1668 ·
1021 1695 1023 1699 ,

545 1729 661 1787 Mundo
675 1728 757 1804 lapso
770 1727 925 1785 contulisti

585 1810 691 1867 Vitam
702 1817 733 1866 et
746 1808 914 1884 imperium.

505 1891 581 1962 Ave,
597 1897 692 1948 mater
702 1890 801 1947 Verbi·
812 1888 928 1959 summi,

545 1973 641 2040 Maris
654 1977 766 2047 portus,
781 1970 900 2046 signum
913 1968 1004 2040 dumi,

544 2053 726 2110 Aromatum
738 2051 824 2127 virga
833 2050 919 2122 fumi,

585 2132 771 2210 Angelorum
785 2131 923 2190 Domina.

505 2214 721 2290 SupplicamuS,
736 2232 791 2270 nos
805 2213 938 2283 emenda,

545 2294 724 2352 Emendatos
738 2312 793 2350 nos
807 2291 980 2364 commenda

546 2375 610 2432 Tuo
624 2374 716 2446 Nato,
732 2374 770 2431 ad
783 2373 919 2431 habenda

584 2455 770 2532 Sempiterna
779 2454 894 2531 gaudia
932 2454 1046 2529 Amen.

216 2575 259 2634 Ia
282 2579 547 2637 commemoratum
571 2579 658 2638 beata
679 2579 788 2636 Murice
811 2578 848 2636 ab
872 2577 988 2637 Oetacis
1007 2577 1186 2655 Epiphania
1205 2598 1296 2656 usqae
1320 2580 1387 2640 ad?

157 2657 398 2732 Puraficationem
419 2659 560 2718 dicantar
582 2661 645 2718 iste
666 2660 733 2717 daae
754 2659 915 2735 Sequentia
939 2658 1117 2729 alternatim,
1138 2659 1244 2718 scilicet
1266 2661 1362 2720 Loeta-

157 2738 283 2809 bundus‚
295 2748 321 2795 et
335 2739 410 2796 istu:
946 2763 949 2767 ’

236 2818 309 2876 Post
323 2824 443 2896 partum
456 2819 549 2896 virgo,
567 2820 672 2890 Maria,
944 2874 949 2882 .

236 2899 295 2956 Dei
308 2900 452 2976 genetrix,
464 2900 591 2957 fecunda
603 2900 700 2977 gratia
713 2899 857 2957 Tonantis
871 2899 967 2976 plena,

149 3036 152 3042 ,
235 2980 313 3052 Ave,
329 2986 476 3038 terrarum
490 2981 619 3054 domina,
634 2981 712 3039 alma
722 2981 860 3038 caelorum
873 2981 983 3057 regina,

237 3061 306 3118 Tibi
320 3060 430 3118 aethera
443 3062 597 3139 omnisque
611 3067 780 3120 sanctorum
795 3067 894 3119 turma
907 3062 1061 3138 depromat
1074 3063 1256 3141 symphonia

236 3140 344 3215 Tellus,
361 3142 484 3201 flumina
497 3150 586 3220 atquc
600 3143 749 3220 sylvarum
764 3163 885 3201 nemora
898 3143 1044 3202 resultent
1056 3164 1127 3202 voce
1140 3164 1201 3203 sua.

237 3221 332 3296 Salve,
348 3243 454 3301 parens
467 3225 593 3301 inclyta‘
602 3225 676 3283 felix
688 3244 848 3302 puerpera*

237 3303 296 3361 Per
308 3310 339 3362 tc
352 3305 407 3362 lux
420 3312 451 3363 et
464 3306 575 3364 veritas
589 3306 699 3364 mundo
713 3312 759 3364 est
772 3305 859 3365 edita.
943 3329 948 3337 ·

237 3384 284 3442 Tu
296 3385 319 3443 J
320 3405 403 3443 esum
412 3387 522 3463 papilla
535 3387 652 3445 lactasti
665 3407 756 3458 sacra,
769 3392 874 3445 extans
887 3387 970 3462 virgo
983 3387 1052 3460 feta,
1068 3395 1163 3444 mater
1175 3387 1295 3445 intacta.
1402 3387 1404 3391 ’

236 3466 328 3524 Unde
354 3467 464 3524 nostris
486 3488 541 3543 eya
568 3468 634 3526 fave
662 3469 747 3541 votis,
771 3468 899 3541 domina,
921 3467 1074 3526 Christum
1093 3468 1284 3545 interpellans
1304 3488 1362 3544 pro

277 3547 372 3605 salute
386 3546 523 3606 humana

236 3627 296 3688 Per
309 3634 349 3701 te,
363 3635 467 3700 mater,
479 3629 589 3687 aboleri
603 3630 732 3686 filiorum
745 3629 915 3706 flagitamus
928 3629 1062 3702 crimina,

236 3709 359 3786 Nosque
373 3729 474 3768 omnes
493 3711 645 3790 introduci·
655 3709 835 3787 sempiterna
849 3696 986 3768 Paraiisi
999 3711 1115 3788 gaudia,

237 3790 304 3860 Quo
317 3791 454 3868 perennis
467 3791 537 3848 vitae
551 3791 738 3869 perfruamur
751 3791 855 3867 gloria·

215 3905 291 3964 Item
304 3902 368 3964 ola'u
380 3905 545 3982 Sequentia.

357 3988 449 4045 Alma
462 3987 520 4046 Dei
532 3988 669 4064 genetrix
682 3987 786 4046 aeterni
799 3987 920 4045 luminis
934 3988 1002 4046 aula
1013 4009 1022 4061 ;

357 4068 476 4144 Stipitis
489 4069 635 4127 Daviticae
648 4069 761 4140 soboles
775 4088 865 4141 sacra,
880 4068 984 4132 florida
994 4069 1096 4146 rirga;

357 4149 444 4207 Felix
457 4157 542 4225 porta
556 4149 622 4221 Dei,
636 4150 740 4227 patriae
754 4151 904 4226 reparatio¹
914 4157 1035 4222 sancta3

357 4229 457 4308 Digna
470 4231 512 4288 col
517 4231 535 4302 i,
550 4232 652 4308 regina
665 4232 735 4309 poli,
749 4231 899 4289 miseratio
912 4231 1036 4302 mundi3

355 4311 451 4388 Virgo
464 4331 569 4387 parens
582 4331 888 4390 semperquemanens
896 4312 1013 4387 *intecta
1026 4312 1112 4369 beata
1123 4330 1131 4383 3

357 4391 425 4449 Sola
439 4393 574 4452 columba
587 4393 653 4471 Dei,
662 4393 845 4470 'venerabilis
854 4399 885 4452 et
898 4392 1081 4465 verecunda;

357 4472 425 4530 Sola
435 4473 532 4533 dicata
545 4473 610 4534 Deo
623 4495 676 4553 per
688 4473 794 4534 saecula
807 4473 1035 4534 concelebranda
1046 4492 1055 4547 ;
