2946 5002
204 346 266 414 174
601 340 776 408 Orationes
800 342 1006 407 Communes.

380 571 384 579 ·
674 549 740 608 Pno
760 549 938 609 Anrrsrrru

266 631 375 691 Oratio.

264 712 406 785 Concede,
430 729 605 788 quaesumus,
627 710 764 782 Domine,
785 711 896 769 famulo
919 717 973 769 tuo
993 710 1123 769 antistiti
1143 717 1254 784 nostro,
1275 716 1313 770 ut
1338 731 1413 788 pra-

198 793 328 851 dioaudo
349 800 380 851 et
393 792 554 850 exercendo
569 810 634 867 quae
648 798 728 850 recta
741 798 821 863 sunt,
842 791 977 868 exemplo
991 791 1136 849 bonorum
1155 811 1279 869 operum
1293 793 1413 850 animas

200 893 326 931 suorum
346 874 476 931 instruat
489 871 684 945 subditorum,
700 879 731 930 et
751 879 868 930 aeternae
888 872 1133 930 remunerationis
1153 873 1318 932 mercedem
1339 893 1360 932 a
1380 879 1414 932 te

205 955 337 1031 piissimo
350 961 467 1031 pastore
480 952 631 1030 percipiat.
674 953 732 1012 Per
746 953 910 1010 Dominum
922 958 1066 1012 nostrum.

266 1036 388 1095 Secreto.

267 1116 397 1174 Munera
420 1121 530 1189 nostra,
545 1133 721 1192 quaemus,
737 1114 874 1186 Domine,
896 1114 1029 1191 placatus
1052 1114 1186 1189 admitte,
1209 1122 1240 1174 et
1261 1114 1414 1174 famulum

207 1207 294 1258 tuum
307 1197 346 1255 N.
363 1216 476 1273 semper
489 1203 519 1254 et
532 1198 643 1274 ubique
656 1196 704 1252 hio
717 1194 945 1253 misericorditer
957 1201 1084 1272 protege.
1127 1195 1187 1253 Per
1200 1195 1376 1254 Dominum

268 1277 508 1336 Postcomuounio.

269 1359 343 1417 Haec
357 1377 411 1415 nos
424 1357 600 1430 commuuio,
616 1357 752 1427 Domine,
767 1362 874 1433 purget
887 1377 906 1413 a
918 1355 1049 1427 crimine,
1065 1363 1096 1414 et
1105 1355 1251 1414 famulum
1263 1362 1354 1415 tuum
1369 1357 1410 1417 N.

205 1439 374 1500 antistitem
387 1445 523 1495 nostrum
536 1445 589 1496 tua
602 1456 716 1514 semper
729 1437 856 1514 benigna
868 1437 979 1513 pietate
993 1437 1115 1497 custodi
1145 1437 1204 1496 Per
1214 1439 1390 1496 Dominum.

716 1640 783 1699 Puo
803 1641 901 1700 uasa

273 1724 382 1783 Oratio.
788 1762 792 1770 ·

272 1805 454 1876 Quaesumus,
470 1802 768 1880 omnipoteusDeus,
781 1808 818 1861 ut
840 1802 968 1861 famulus
990 1809 1061 1862 tuus
1082 1823 1136 1862 rex
1159 1809 1270 1879 noster,
1284 1804 1338 1883 qui
1360 1804 1422 1864 tua'

211 1887 400 1945 miseratione
423 1884 551 1961 suscepit
574 1884 657 1960 regui
681 1883 886 1960 gubernacula,
908 1883 1057 1942 vi1tutum
1079 1885 1170 1944 etium
1193 1889 1329 1944 omnium
1352 1905 1416 1964 per·

206 1968 301 2045 cipiet
314 1967 495 2024 incrementa
507 1986 516 2038 ;
536 1966 643 2042 quibus
657 1965 799 2022 decentur
813 1970 942 2038 ornatus,
954 1971 985 2022 et
997 1966 1142 2023 vitiorum
1151 1973 1285 2025 monstra
1292 1967 1413 2037 evitare,

195 2056 244 2106 >et
256 2049 371 2106 hostem
384 2066 530 2123 superare,
546 2053 577 2104 et
596 2047 634 2104 ad
651 2051 682 2102 te
696 2045 749 2121 qui
762 2046 820 2118 via,
834 2045 906 2119 vita,
928 2051 958 2104 et
972 2046 1080 2104 veritas
1101 2065 1139 2119 es,
1154 2047 1303 2124 gratiosus
1315 2048 1423 2116 valeat,

212 2131 372 2208 pervenire.
415 2128 473 2185 Per
486 2127 649 2185 Dominum
662 2131 805 2185 nostrum

272 2209 392 2269 Secreto.

274 2291 411 2362 Munera,
426 2308 600 2366 quaesumus,
616 2287 752 2359 Domine,
768 2287 867 2346 oblata
880 2287 1051 2362 sanctifica3
1071 2293 1107 2346 ut
1121 2294 1152 2347 et
1164 2289 1251 2348 nobis
1266 2288 1413 2368 unigeniti

212 2372 259 2430 tui
279 2391 385 2450 corpus
404 2377 434 2428 et
454 2370 572 2446 sanguis
592 2369 676 2441 fiant,
690 2375 720 2426 et
741 2369 852 2426 famulo
873 2375 927 2425 tuo
950 2370 1013 2445 regi
1036 2375 1147 2441 nostro,
1161 2370 1199 2428 ad
1222 2371 1411 2430 obtinendam

208 2454 319 2511 ‚anima
343 2452 528 2530 corporisque
552 2451 678 2508 salutem
701 2449 792 2507 etad
815 2450 1012 2526 peragendum
1035 2450 1205 2526 injunctum
1226 2453 1365 2526 officium,
1383 2459 1413 2510 te

214 2535 357 2613 largiente
370 2552 579 2611 usquequaque
592 2531 755 2610 proficiant.
799 2531 857 2588 Per
870 2531 1041 2589 Dominum.

275 2614 517 2674 Postoommuaio.

276 2697 360 2769 Haeo,
375 2696 511 2768 Domine,
530 2694 639 2752 oblatio
663 2692 800 2751 salutaris
822 2691 967 2750 famulum
989 2698 1077 2751 tuum
1100 2713 1198 2770 regem
1221 2701 1360 2754 nostrum
1378 2696 1414 2753 ab

210 2777 360 2848 omnibns,
385 2795 560 2853 quaesumus,
584 2780 705 2832 tueatur
728 2773 866 2844 adversis,
891 2773 1032 2851 quatinus
1058 2780 1089 2832 et
1112 2775 1314 2834 ecclesiasticae
1338 2777 1415 2854 pacis

211 2858 349 2915 obtineat
370 2855 626 2932 tranquillitatem,
641 2862 672 2912 et
691 2859 758 2930 post
778 2854 864 2911 istius
882 2855 1022 2931 temporis
1041 2855 1198 2913 decursum
1217 2856 1256 2914 ad
1275 2864 1415 2916 aeternam

217 2937 371 3014 perveniat
383 2936 585 2995 hereditatem.
629 2934 688 2993 Per
701 2934 872 2994 Dominum.

563 3171 630 3229 Puo
650 3172 898 3229 Auonruursooro
918 3186 956 3228 nr
976 3170 1073 3229 Ruon.

281 3255 390 3316 Oratio.

278 3338 371 3415 Rege,
394 3353 570 3412 quaesumus,
595 3332 731 3404 Domine,
754 3332 879 3390 famulos
900 3338 968 3389 tuos
991 3332 1241 3411 archiepiscopum
1265 3340 1296 3393 et
1320 3355 1419 3413 regem

218 3425 361 3487 nostrum,
376 3424 407 3476 et
419 3414 669 3474 intercedentibus
683 3413 820 3471 omnibus
833 3414 942 3471 sanctie
955 3414 1023 3487 tuis,
1039 3415 1141 3491 gratia
1154 3420 1214 3473 tuae
1230 3415 1263 3473 in
1283 3417 1327 3474 eis
1341 3418 1418 3476 dona

219 3499 393 3577 multiplica,
403 3506 438 3554 ut
453 3497 491 3554 ab
501 3495 637 3553 omnibus
647 3495 733 3552 liberi
741 3495 867 3565 offensis,
881 3500 912 3552 et
924 3494 1133 3570 temporalibus
1147 3515 1207 3554 non
1217 3496 1420 3556 destituantur

219 3581 349 3654 auxiliis,
363 3585 395 3637 et
408 3576 592 3654 sempiternis
605 3575 752 3653 gaudeant
765 3575 918 3633 institutis.
962 3574 1020 3633 Per
1034 3575 1205 3634 Dominum.

280 3661 399 3721 Secreto.

280 3742 410 3818 Suscipe,
430 3738 567 3810 Domine,
590 3756 698 3794 munus
717 3736 850 3794 oblatum
872 3735 937 3808 tibi,
959 3742 990 3793 et
1010 3737 1259 3797 intercedentibus
1282 3736 1421 3799 omnibus

221 3824 330 3883 saumis
350 3823 420 3892 tuis,
435 3837 575 3879 conserva
601 3817 726 3875 famulos
749 3823 816 3874 tuos
836 3816 875 3874 N.
898 3822 929 3875 et
949 3816 999 3890 N,
1014 3824 1103 3895 atque
1123 3819 1161 3876 ab
1185 3819 1323 3878 omnibus
1346 3841 1421 3899 quas

220 3911 372 3964 merentur
394 3899 623 3960 adversitatibus
645 3898 733 3956 redde
760 3917 876 3955 securos
886 3916 896 3969 ;
926 3902 962 3954 ut
984 3898 1201 3975 tranquillitate
1224 3907 1363 3978 percepta
1383 3904 1421 3961 ab

221 3985 357 4043 omnibus
378 3979 541 4040 visibilium
565 3985 596 4038 et
618 3978 812 4036 invisibilium
835 3977 950 4036 insidiis
967 3978 1093 4054 liberati,
1117 3979 1223 4038 devota
1243 3982 1301 4041 tibi
1320 3990 1422 4042 mente

222 4066 397 4125 deserviant.
441 4063 500 4120 Per
513 4060 683 4119 Dominum.
1276 4071 1278 4079 ’

281 4143 522 4206 Postoommaaio.

285 4227 437 4303 Subjectos
451 4225 508 4282 tibi
523 4222 649 4281 famulos
662 4227 730 4278 tuos
750 4219 998 4298 archiepiscopum
1018 4227 1049 4279 et
1068 4228 1166 4297 regem
1185 4229 1332 4300 nostrum,
1346 4246 1425 4304 qua-

222 4329 332 4379 sumus,
346 4307 482 4376 Domine,
491 4301 742 4362 intercedentibus
755 4301 891 4360 omnibus
911 4301 1020 4360 sanctis
1032 4301 1102 4375 tuis,
1113 4303 1286 4379 propitiatio
1300 4308 1426 4368 celestis

223 4390 389 4465 amplificet,
405 4395 440 4445 ut
468 4392 499 4444 et
520 4385 671 4460 prasentia
688 4383 759 4439 vite
780 4382 918 4458 periculis
937 4387 1094 4456 emantur,
1117 4390 1148 4441 et
1167 4389 1318 4463 perpetuis
1339 4390 1425 4449 donis

222 4472 385 4527 firmentur.
428 4464 670 4526 PerDominum.
