2946 5002
190 368 252 431 136
544 363 593 428 Ia
606 361 851 429 Nataliuaius
865 361 1028 447 Apostoli.

248 530 413 606 Sequentia.

190 624 274 682 Clare
287 629 456 681 sanctorum
469 628 588 680 senatus
600 615 807 699 apostolorum,
822 620 956 697 princeps
965 621 1043 678 orbis
1057 627 1213 694 terrarum,
1228 624 1383 696 rectorque

309 723 476 779 regnorum,

189 784 385 842 Ecclesiamm
400 803 494 841 mores
507 789 537 842 et
551 782 645 840 vitam
658 782 816 853 moderare,

190 865 263 934 Quae
276 885 329 941 per
344 866 507 923 doctrinam
520 870 604 921 tuam
614 863 714 921 fideles
725 868 795 919 sunt
808 862 925 939 ubique.

189 945 357 1003 Antiochus
369 953 399 1004 et
413 946 525 1002 Remus
535 945 699 1002 concedunt
712 944 777 1015 tibi,
793 943 890 1015 Petre,
906 943 990 1019 regni
1003 944 1127 1016 solium3

190 1026 389 1098 Tyrannidem
403 1033 447 1098 tu,
463 1025 563 1096 Paule,
578 1024 813 1082 Alexandrinam
826 1024 964 1081 invasisti
978 1024 1129 1082 Graeciam.

188 1107 345 1183 AEthiopes
357 1106 499 1178 horridos,
515 1106 666 1175 Matthaee,
681 1104 789 1180 agnelli
799 1105 916 1177 vellere,

191 1187 250 1255 Qui
263 1188 390 1245 maculas
403 1188 514 1245 nesciat
527 1186 649 1262 aliquas,
664 1185 778 1242 vestisti
792 1185 923 1243 candido

190 1267 310 1340 Thomu,
325 1268 548 1339 Bartholcmeee,
559 1267 581 1325 J
582 1266 718 1336 ohannes,
734 1266 880 1342 Philippe,
897 1266 1006 1338 Simon,
1022 1265 1044 1323 J
1045 1265 1185 1342 acobique
1198 1264 1316 1341 pariles,

190 1348 320 1420 Andrea,
336 1349 489 1420 Thaddaee,
504 1347 564 1405 Dei
576 1347 732 1405 bellatores
745 1347 858 1422 inclyti,

191 1429 239 1486 En
252 1449 304 1486 ros
314 1429 419 1500 oriens,
434 1435 465 1486 et
477 1429 617 1498 occidens,
632 1428 723 1485 immo
744 1432 821 1484 teres
841 1427 945 1484 mundi
965 1427 1099 1498 circulus,
1114 1445 1144 1484 se
1165 1431 1264 1502 patres
1276 1425 1384 1483 habere

310 1510 449 1586 gaudent,
464 1515 494 1567 et
508 1514 680 1585 exspectant
689 1507 823 1583 judices3

190 1589 232 1647 Et
250 1590 358 1648 idcireo
371 1589 499 1648 mundus
513 1591 607 1647 omnis
621 1589 721 1647 laudes
732 1589 815 1645 vobis
829 1594 859 1646 et
872 1589 997 1646 honores
1010 1589 1119 1645 sanctis
1133 1587 1247 1645 debitos
1260 1586 1385 1664 supplex

311 1671 464 1747 impendit.

250 1773 285 1833 St
297 1775 381 1851 infru
400 1775 655 1852 Septucpesiracm.
700 1775 830 1835 Praetor.
874 1775 934 1844 Qui
947 1775 1102 1847 seminant,
1117 1774 1231 1850 require
1250 1774 1286 1832 ia
1300 1773 1384 1833 Festo

192 1857 284 1914 caiae
297 1857 427 1932 arpino.

250 1947 418 2006 Secundam
431 1948 598 2008 Jotoaacm
612 1948 672 2024 (xo.
692 1947 807 2026 12-16)

251 2029 291 2086 In
300 2030 352 2087 illc
362 2035 501 2106 tempore,
513 2030 601 2086 Dixit
609 2030 631 2088 J
632 2049 698 2087 esus
707 2029 857 2104 discipulis
866 2029 927 2085 suis
932 2048 941 2100 3
958 2029 1025 2085 Hoc
1034 2034 1078 2086 est
1087 2033 1265 2105 praeceptum
1275 2046 1383 2099 meum,

192 2115 227 2167 ut
251 2110 380 2186 diligatis
403 2111 530 2169 invicem
551 2130 640 2185 usqae
663 2110 704 2167 cd
725 2111 919 2186 quodcunque
942 2110 1087 2185 petieritis
1113 2109 1146 2166 in
1168 2109 1288 2166 nomine
1308 2126 1383 2181 mec,

193 2191 343 2249 detvobis.

250 2282 406 2358 Seqcaeate'u
418 2284 512 2341 eoacti
531 2282 690 2358 EooapeZii.
732 2281 899 2340 Secundam
913 2282 1025 2340 bacam
1037 2282 1125 2358 (accii.
1142 2281 1256 2359 24-30).

253 2363 292 2420 In
305 2364 357 2420 illo
370 2370 509 2440 tempore,
525 2363 616 2422 Facta
629 2370 674 2420 est
687 2363 836 2420 contentio
849 2363 928 2420 inter
941 2363 1097 2439 discipulos
1106 2363 1128 2421 J
1130 2382 1189 2435 esu,
1204 2362 1271 2438 quis
1284 2380 1385 2419 eorum

193 2444 344 2502 videretur
370 2464 432 2502 esse
455 2445 549 2521 major
571 2464 660 2519 aeque
686 2445 726 2501 ud
753 2449 783 2500 et
810 2444 934 2502 sedeatis
960 2463 1047 2520 super
1070 2445 1201 2515 thronos,
1218 2443 1386 2519 judicantes

195 2525 346 2583 duodecim
359 2527 455 2583 tribus
468 2525 570 2583 Israel.

253 2617 408 2693 Sequentia
422 2619 515 2676 sancti
528 2617 688 2692 Eucapelii.
731 2615 897 2676 Secundam
910 2617 1084 2674 Motttaeam
1096 2616 1139 2694 (a.
1158 2616 1272 2694 16-22).

254 2697 293 2755 In
306 2699 358 2754 illo
371 2704 511 2775 tempore,
523 2699 612 2756 Dixit
625 2697 647 2755 J
648 2717 713 2755 esus
727 2698 877 2773 discipulis
891 2699 951 2755 suis
957 2719 966 2770 3
987 2699 1061 2755 Ecce
1075 2717 1128 2774 ego
1141 2697 1231 2754 mitto
1244 2716 1298 2754 vos
1310 2696 1387 2754 sicut

195 2797 265 2836 oves
277 2797 367 2852 usque
381 2780 420 2835 od
435 2780 573 2854 usquein
586 2779 683 2848 finem,
698 2778 746 2836 hio
760 2779 857 2836 salvus
871 2779 936 2838 erit.

257 2868 448 2942 Offlrtoeium.

255 2950 336 3006 Mihi
358 2956 457 3007 autem
478 2951 567 3007 nimis
588 2949 774 3007 honorificati
795 2955 865 3007 sunt
888 2950 976 3008 amici
999 2952 1051 3024 tui,
1079 2950 1161 3008 Deus
1173 2971 1180 3008 :
1206 2949 1298 3007 nimis
1321 2969 1387 3008 con-

195 3031 322 3089 fortatus
335 3035 380 3088 est
392 3030 575 3108 principatus
589 3050 696 3089 eorum.

255 3123 296 3182 Ia
311 3132 432 3199 tempore
445 3123 591 3196 Pcacleuti,
605 3123 753 3200 Alleluya.

258 3216 451 3292 offertorium.

258 3298 427 3356 Constitues
453 3318 501 3355 eos
527 3297 672 3375 principes
700 3317 787 3374 super
816 3317 933 3356 omnem
959 3304 1088 3355 terram:
1123 3315 1265 3355 memores
1298 3301 1388 3354 erunt

196 3379 324 3437 nominis
344 3380 391 3436 tui
410 3379 443 3436 in
463 3380 543 3436 omni
562 3379 699 3456 progenie
719 3385 750 3436 et
768 3379 964 3456 generatione.

260 3469 452 3546 offertorium.
1340 3508 1343 3514 .

259 3552 298 3609 In
311 3571 427 3609 omnem
440 3557 550 3610 terram
563 3551 659 3609 exivit
679 3571 766 3611 sonus
786 3571 904 3609 eorum:
925 3557 955 3609 et
967 3552 1000 3608 in
1013 3551 1085 3609 fines
1105 3551 1184 3609 orbis
1197 3555 1284 3608 eerrae
1296 3569 1350 3609 ver

200 3652 308 3692 eorum.

258 3725 439 3864 gddrrdddum
461 3804 526 3877 tibi,
552 3804 689 3876 Domine,
713 3824 821 3862 munus
845 3805 1002 3878 offerimm,
1025 3825 1083 3881 quo
1106 3757 1187 3863 beati
1205 3804 1245 3864 N.
1261 3804 1388 3881 apostoli

199 3886 351 3945 sollemnia
363 3886 522 3944 recolentes
535 3886 766 3961 purificationem
780 3905 895 3962 quoque
908 3888 1016 3944 nostris
1026 3886 1176 3944 mentibus
1185 3885 1385 3961 imploramus.

199 3967 257 4035 Ber
270 3967 432 4025 Dominum
445 3972 578 4025 nostrum
590 3966 695 4024 Jesum
705 3966 864 4025 Christum.
899 3967 967 4036 -Qui
979 3974 1085 4026 tecum

257 4060 460 4119 Plurimorum
473 4059 673 4137 apostolorum.

257 4153 377 4212 Secreto.

258 4233 393 4306 Munera,
408 4233 544 4306 Domine,
560 4253 625 4310 quae
642 4251 696 4309 pro
716 4232 913 4307 apostolorum
932 4238 1053 4291 tuorum
1072 4232 1112 4289 N.
1128 4239 1160 4290 et
1172 4230 1223 4304 N,
1239 4232 1387 4290 sollemni-

197 4319 259 4372 tate
274 4314 429 4373 deferimus
448 4315 592 4392 propitius
611 4313 719 4390 respice
728 4331 737 4384 ;
757 4318 788 4369 et
807 4314 884 4371 mala
903 4314 1089 4389 omniaque
1109 4332 1264 4387 meremur,
1278 4320 1385 4372 averte.

198 4392 256 4452 Per
268 4394 430 4453 Dominum
442 4402 576 4453 nostrum
589 4395 611 4453 J
611 4410 693 4452 esum
706 4392 864 4451 Christum.

255 4473 405 4550 Praefote'o.
447 4476 488 4534 Et
501 4482 541 4550 te,
557 4475 692 4548 Domine,
707 4474 885 4551 suppliciter.
