2946 5002
623 369 720 435 Festo
740 370 844 435 Jcltt.

199 533 343 611 Epistola.
386 535 636 593 Rememoramini
649 537 795 612 pristinos.

202 614 338 673 Gradale.
381 616 560 673 Sacerdotes.

199 696 350 773 Alleluya.
399 696 428 754 V.
452 697 600 772 Disposui.

201 777 405 852 Evaaqettam.
448 777 601 853 Loquente
615 778 637 835 J
638 798 689 835 esu
703 779 740 836 ad
753 779 864 850 turbas,
879 797 943 837 ecce
957 786 1059 838 mater.

203 857 397 931 offertorium.
440 858 607 916 Laetamini.

200 938 323 996 Secreta.

198 1020 332 1095 Accepta
352 1019 392 1076 sit
411 1019 444 1075 in
465 1025 621 1094 conspectu
633 1027 694 1092 tuo,
710 1021 847 1092 Domine,
861 1027 969 1078 nostrae
983 1023 1147 1081 devotionis
1167 1023 1286 1096 oblatio,
1302 1031 1332 1082 et

135 1101 203 1176 ejus
217 1100 301 1156 nobis
314 1100 367 1156 fiat
380 1100 593 1176 supplicatione
607 1101 753 1173 salutaris,
767 1121 820 1178 pro
834 1101 918 1177 cujus
931 1103 1129 1162 sollemnitate
1142 1105 1280 1162 defertur.

201 1180 274 1237 Alio
287 1181 406 1239 Secreta.

201 1260 325 1318 Hostias
348 1262 411 1334 tibi,
428 1261 564 1332 Domine,
580 1282 632 1337 pro
647 1268 814 1319 sanctorum
837 1269 1001 1339 martyrum
1025 1270 1153 1337 tucrum,
1177 1265 1330 1342 Simplicii,

136 1342 286 1412 Faustini,
315 1349 345 1399 et
369 1342 512 1400 Beatricis
540 1343 813 1400 commemoratione
840 1343 1014 1417 deferimus3
1038 1347 1210 1423 suppliciter
1233 1347 1332 1423 depre-

136 1427 249 1492 cantes,
263 1431 297 1479 ut
311 1423 526 1500 indulgentiam
540 1423 624 1480 nobis
637 1424 747 1498 pariter
759 1423 911 1482 conferant
924 1432 954 1483 et
967 1426 1097 1484 salutem
1142 1427 1207 1484 Per.

203 1501 383 1561 Communia.
425 1504 583 1561 Justorum
596 1505 708 1561 animae.
903 1515 905 1520 '

202 1583 441 1641 Postcommaaio.
460 1626 463 1636 .

201 1664 318 1722 Refecti
347 1665 571 1740 participatione
601 1666 731 1722 muneris
763 1666 845 1737 sacri,
880 1686 1053 1741 quaesumus
1082 1668 1210 1726 Domine
1247 1668 1329 1726 Deus

138 1751 247 1817 noster,
264 1752 298 1801 ut
311 1747 394 1821 cujus
408 1747 596 1821 exsequimur
608 1747 723 1803 cultum
736 1746 897 1803 sentiamus
912 1749 1055 1805 effectum.
1158 1803 1162 1812 ,

202 1824 273 1883 Alia
286 1827 525 1884 Postcommnnio.

202 1906 323 1978 Praesta,
333 1927 505 1983 quaesumus,
516 1906 702 1982 omnipotens
714 1907 803 1978 Deus,
813 1913 848 1963 ut
858 1913 1026 1965 sanctorum
1039 1914 1159 1964 tuorum
1174 1908 1328 1985 Simplicii,

139 1986 287 2058 Faustini,
307 1993 337 2044 et
360 1987 504 2044 Beatricis
525 1988 688 2044 caelestibus
708 1989 856 2062 mysteriis
876 1988 1020 2045 celebrata
1038 1989 1218 2046 sollemnitas
1237 1990 1334 2046 indul-

137 2068 270 2144 gentiam
291 2069 376 2125 nobis
393 2075 453 2125 tuae
478 2068 697 2144 propitiationis
718 2069 859 2144 acquirat.
902 2068 961 2125 Per
983 2070 1153 2127 Dominum.
1196 2069 1257 2128 Sub
1270 2090 1333 2128 aaa

140 2148 328 2206 conclusione.

229 2344 414 2403 Saucroaun
434 2361 606 2402 nanrraun
626 2346 739 2402 Annon
761 2361 798 2401 nr
819 2345 949 2402 Sauara.
994 2345 1047 2425 (iii.
1065 2346 1134 2404 Kal.
1151 2346 1245 2425 Aug.)
1351 2327 1357 2338 ’

203 2469 341 2544 Officium.
385 2471 491 2528 Intret.

203 2550 312 2608 Oratio.

200 2631 291 2703 Deus,
306 2633 359 2708 qui
378 2633 487 2688 sanctis
507 2632 568 2688 tuis
580 2632 691 2689 Abdon
711 2637 742 2688 ct
763 2631 880 2688 Sennen
900 2632 937 2688 ad
957 2631 1032 2689 hanc
1052 2632 1176 2709 gloriam
1195 2632 1335 2690 veniendi

137 2713 288 2788 copiosum
308 2733 416 2769 munus
435 2713 538 2788 gratiae
559 2713 727 2784 contulisti,
752 2713 790 2768 da
810 2712 929 2769 famulis
949 2713 1009 2770 tuis
1030 2719 1198 2771 nostrorum
1215 2715 1334 2771 veniam

139 2793 322 2865 delictorum,
343 2802 379 2850 ut
399 2801 565 2850 sanctorum
586 2800 706 2851 tuorum
729 2793 978 2850 intercedentibus
1000 2795 1123 2866 meritis,
1141 2795 1178 2851 ab
1199 2795 1334 2852 omnibus

138 2894 304 2931 mereamur
317 2874 543 2950 adversitatibus
556 2874 686 2932 liberarii
727 2875 784 2931 Per
800 2875 970 2934 Dominum.

200 2955 230 3010 Ε
250 2955 343 3013 istol.

200 2977 377 3092 Biinedictus
412 3036 493 3092 Deus
524 3041 555 3093 et
584 3036 675 3092 Pater
703 3036 826 3092 Domini
857 3037 952 3093 nostri
985 3035 1058 3093 Jesu
1094 3035 1214 3110 Ohristi,
1249 3042 1334 3113 pater

138 3116 413 3174 misericordiarum.

202 3198 335 3255 Grudala
379 3197 536 3254 Gloriosus.

199 3279 347 3354 Alleluya.
396 3279 424 3336 V.
448 3277 652 3334 Tradiderunt.

198 3358 400 3432 Eaaapela'am.
442 3358 562 3429 Videte,
576 3378 614 3414 ne
628 3359 694 3434 quis
707 3377 758 3414 voa
773 3357 898 3415 seducat.

202 3439 392 3512 Offertoriam.
435 3440 589 3496 Mirabilis.

199 3520 319 3578 Secreto.
399 3574 401 3577 ,

198 3600 273 3658 Haec
306 3600 411 3672 hostia,
440 3620 615 3675 quaesumus,
652 3600 788 3671 Domine,
821 3620 910 3675 quam
943 3601 976 3656 in
1008 3607 1176 3657 sanctorum
1211 3604 1331 3657 tuorum

136 3681 282 3738 natalitiis
296 3687 478 3738 recensentes
492 3682 649 3752 offerimus,
665 3688 695 3738 et
708 3681 827 3737 vincula
843 3682 950 3737 nostrae
971 3681 1128 3756 pravitatis
1146 3679 1279 3737 absolvat
1301 3687 1332 3738 et

137 3767 197 3818 tuae
211 3763 296 3818 nobis
309 3763 515 3819 misericordiae
530 3763 606 3818 dona
619 3762 762 3820 conciliet.
806 3762 863 3818 Per
877 3761 1048 3818 Dominum.

200 3841 382 3900 Oomnaaac'o
425 3842 599 3900 Posuerunt.

199 3923 440 3980 Postcommaain

198 4004 257 4061 Per
269 4005 367 4080 hujuS,
382 4004 519 4075 Domine,
535 4004 734 4080 operationem
752 4003 887 4078 mysterii
905 4008 935 4059 et
948 4002 1024 4060 vitia
1041 4009 1141 4059 nostra
1159 4008 1330 4078 purgentur,

138 4090 169 4141 et
181 4084 432 4142 intercedentibus
445 4085 554 4142 sanctis
567 4085 636 4156 tuis,
648 4084 731 4159 justa
744 4084 889 4140 desideria
901 4083 1111 4158 compleantur.
1155 4082 1219 4140 Per.

183 4256 184 4259 ¹
206 4269 318 4328 Saron
339 4269 493 4340 Granum,
515 4284 649 4326 anacam
671 4284 708 4324 nr
728 4281 933 4324 courrssoms.
977 4263 1071 4344 (Prid.
1088 4266 1157 4323 Kal.
1173 4266 1267 4345 Aug.)

202 4391 341 4466 Officium.
384 4393 498 4450 Statuit
511 4392 546 4448 ei.

201 4472 310 4531 Oratio.
353 4473 409 4544 Da,
425 4491 600 4550 quaesumus.
