2946 5002
410 362 459 427 Io
473 361 596 428 Natali
612 362 850 448 plurimorum
862 363 1065 451 Martyrum.
1269 368 1331 431 143

129 547 132 552 ·
202 528 346 588 Pactam.

201 610 358 668 Exsultate
367 609 445 685 justi
457 609 491 667 in
505 609 653 668 Domino:
673 617 768 670 rectos
781 611 865 670 decet
878 611 1062 670 collaudatio.

199 706 294 765 Aliud
309 706 450 782 Officium.

200 787 285 846 Salus
299 794 398 846 autem
407 789 558 864 justorum
572 807 590 846 a
603 787 750 847 Domino:
771 797 802 848 et
815 795 964 866 protector
978 810 1080 850 eorum
1097 797 1141 849 est
1155 790 1188 848 in
1200 796 1331 868 tempore

138 868 350 927 tribulationis.

198 960 344 1020 Psalmas.

199 1041 273 1100 Noli
293 1041 426 1099 aemulari
448 1040 482 1099 in
505 1041 753 1119 malignantibus:
784 1062 879 1120 neque
902 1043 1041 1102 zelaveris
1064 1044 1203 1102 facientes
1225 1044 1331 1121 iniqui-

137 1129 239 1180 tatem

197 1202 295 1261 Aliud
309 1202 449 1278 Officiccn.

198 1284 299 1343 Sancti
312 1285 367 1354 tui,
382 1283 521 1356 Domine,
535 1283 709 1342 benedicent
722 1290 771 1342 te:
791 1285 915 1362 gloriam
928 1285 1014 1363 regni
1026 1286 1074 1344 tui
1086 1286 1194 1344 dicent.

197 1364 240 1422 Ia
253 1374 375 1440 tempore
387 1363 533 1436 Parabali,
548 1363 698 1440 Alleluya,
713 1364 849 1441 alleluya.

196 1457 343 1515 Psalmce.

197 1538 345 1596 Exultabo
358 1544 398 1611 te,
414 1538 496 1596 Deus
509 1558 600 1611 meus,
615 1557 686 1596 rex:
707 1545 738 1597 et
750 1533 921 1599 benedicam
939 1540 1053 1598 nomini
1065 1546 1119 1599 tuo
1133 1541 1166 1597 in
1182 1539 1329 1612 saeculum,

137 1624 169 1677 et
180 1618 215 1676 in
228 1620 367 1676 saeculum
380 1619 486 1678 saeculi.

196 1699 293 1757 Aliud
310 1698 450 1774 Officium.

197 1781 351 1858 Loquetur
365 1781 511 1838 Dominus
529 1799 630 1856 pacem
651 1781 684 1837 in
703 1780 820 1857 plebem
840 1801 923 1839 suam
937 1787 967 1838 et
980 1801 1068 1857 super
1081 1787 1196 1839 sanctos
1208 1801 1284 1856 suos,
1299 1789 1330 1840 et

137 1861 171 1918 in
184 1861 300 1937 eosqui
313 1867 528 1920 convertuntur
541 1880 591 1918 cor
604 1862 642 1919 ad
654 1861 759 1938 ipsum.

197 1953 344 2013 Pramus.

197 2035 393 2105 Benedixisti,
408 2034 545 2105 Domine,
559 2040 669 2092 terram
682 2040 785 2092 tuam:
808 2032 945 2092 avertisti
959 2033 1162 2111 captivitatem
1174 2034 1276 2093 Jacob.

198 2113 293 2173 Aliud
308 2114 448 2190 Officium.

198 2194 306 2253 Multae
333 2194 539 2253 tribulationes
569 2197 727 2272 justorum,
757 2203 788 2254 et
814 2196 850 2253 de
877 2195 924 2253 his
947 2195 1084 2252 omnibus
1117 2195 1255 2254 liberabit
1281 2215 1329 2254 eos

137 2276 303 2334 Dominus:
334 2276 482 2333 Dominus
505 2277 634 2334 custodit
657 2277 756 2334 omnia
779 2297 843 2334 ossa
864 2295 984 2335 eorum:
1012 2296 1107 2334 unum
1130 2295 1168 2334 ex
1194 2277 1241 2334 his
1267 2297 1328 2336 non

138 2363 313 2415 conteretur.

195 2436 238 2495 Ira
251 2447 373 2512 tempora
385 2437 532 2509 Paaclzola',
547 2438 694 2515 Alleluya.

196 2518 342 2578 Psalmace.

196 2599 374 2656 Benedioam
388 2598 550 2655 Dominum
564 2599 597 2656 in
610 2599 691 2656 omni
703 2604 853 2675 tempore:
874 2617 988 2675 semper
999 2598 1064 2656 laus
1077 2599 1140 2674 ejus
1149 2598 1183 2655 in
1193 2618 1243 2657 ore
1253 2618 1325 2658 meo.

195 2677 293 2737 Aliud
306 2678 446 2754 Officiacn.

195 2759 310 2818 Timete
324 2760 496 2832 Dominum,
511 2779 610 2818 omnes
624 2760 719 2827 sancti
731 2761 802 2836 ejus,
818 2760 955 2837 quoniam
969 2759 1044 2817 nihil
1058 2759 1140 2818 deest
1152 2760 1327 2819 timentibus

136 2859 221 2898 eum:
234 2840 343 2898 divites
356 2848 501 2917 eguerunt
520 2847 550 2898 et
572 2840 747 2914 esurierunt,
761 2841 945 2918 inquirentes
966 2847 1066 2899 autem
1081 2840 1244 2899 Dominum
1265 2862 1327 2900 non

137 2921 273 2979 deficient
286 2921 368 2979 omni
381 2922 465 2978 bono.

195 3001 218 3059 I
215 3022 237 3060 a
251 3011 373 3078 termera
385 3002 531 3075 Paschali,
546 3002 695 3080 Alleluya.

195 3094 341 3153 Pachom.

195 3175 372 3234 Benedioam
393 3175 557 3234 Dominum
577 3177 610 3234 in
632 3176 713 3234 omni
734 3183 883 3253 tempore:
912 3195 1026 3252 semper
1048 3175 1113 3233 laus
1134 3177 1198 3252 ejus
1219 3176 1252 3233 in
1275 3195 1325 3235 ore

137 3273 289 3394 ”¹⁰⁰2er
304 3336 443 3412 officum.

194 3415 217 3475 J
218 3418 379 3476 udicabunt
405 3418 500 3476 sancti
522 3423 632 3493 gentes,
660 3423 691 3475 et
718 3416 950 3475 dominabuntur
976 3416 1099 3495 populis,
1128 3421 1158 3473 et
1189 3417 1324 3493 regnabit

137 3496 282 3557 Dominus
296 3498 378 3557 Deus
391 3499 511 3556 illorum
524 3500 557 3555 in
570 3504 753 3575 perpetuum

194 3579 340 3637 Pachom.

194 3658 351 3717 Exsultate
359 3660 437 3736 justi
449 3661 482 3718 in
496 3659 643 3720 Domino:
664 3666 760 3718 rectos
773 3659 857 3717 decet
870 3658 1054 3741 collaudatio.

172 3766 175 3773 ·
193 3749 291 3809 Aliud
305 3752 443 3829 Officium.

194 3831 279 3889 Justi
301 3830 458 3910 epulentur
481 3839 512 3891 et
532 3835 682 3892 exsultent
704 3833 738 3892 in
757 3837 914 3908 conspectu
935 3832 1011 3890 Dei:
1037 3836 1069 3888 et
1088 3830 1272 3888 delectentur
1290 3831 1323 3889 in

194 3993 338 4053 Psalmua

193 4073 344 4152 Exsurgat
364 4075 455 4147 Deus,
473 4079 503 4132 et
516 4073 698 4152 dissipentur
717 4073 832 4132 inimici
852 4074 933 4149 ejus:
955 4077 986 4129 et
999 4070 1116 4149 fugiant
1129 4071 1182 4147 qui
1195 4071 1321 4131 oderunt

136 4172 201 4210 curn
216 4154 320 4213 afacie
334 4156 404 4232 ejus.

196 4234 304 4294 Orclc'o.

194 4314 285 4390 Deus,
311 4317 365 4393 qui
389 4336 443 4375 nos
469 4315 601 4374 concedis
627 4321 796 4373 sanctorum
822 4318 987 4386 martyrum
1013 4317 1132 4371 tuorum
1159 4312 1199 4372 N.
1224 4319 1255 4372 et
1278 4314 1318 4374 N.

134 4394 271 4454 natalitia
298 4398 400 4470 colere,
426 4397 464 4455 da
486 4396 570 4454 nobis
597 4396 630 4454 in
653 4401 763 4454 aeterna
788 4392 972 4456 beatitudine
998 4393 1035 4452 de
1058 4412 1160 4452 eorum
1183 4396 1320 4456 societate

135 4475 267 4549 gaudere.
310 4476 376 4536 Per.
