2946 5002
547 404 595 469 Ic
617 403 673 468 dte
694 402 805 468 scactc'
825 401 954 487 Epidii.
1284 406 1344 467 231

210 569 331 628 Secreto.

211 650 339 728 suscipe,
355 669 529 727 quaesumus,
544 649 681 721 Domine,
696 649 808 707 hostias
821 656 852 707 et
865 667 965 724 preces
985 648 1164 707 humilitatis
1183 655 1300 722 nostrae,
1315 656 1346 707 et

148 731 290 790 famulam
302 739 386 790 tuam
399 731 439 789 N.
456 738 538 788 scuto
550 731 741 807 protectionis
753 737 813 787 tnae
827 729 959 801 defende,
975 736 1005 788 et
1018 749 1108 806 quam
1121 749 1159 788 ex
1179 730 1274 808 gratia
1294 735 1346 787 tua

148 813 301 888 gravidam
314 831 375 870 esse
388 812 517 884 voluisti,
533 811 618 882 hanc,
632 810 807 868 adveniente
821 817 924 887 partus
943 816 1083 888 tempore,
1097 810 1224 887 gratiose
1244 811 1345 884 libera,

148 898 180 950 et
193 892 230 949 ab
248 893 384 950 omnibus
403 892 674 970 perturbationibus
695 911 762 949 cum
784 891 866 968 prole
887 891 1005 969 inipso
1026 896 1165 950 contenta
1186 891 1346 949 clementer

149 992 294 1031 conserva.
338 973 396 1031 Per
410 973 579 1030 Dominum.

209 1054 450 1112 Postcommcrrr'o.

208 1135 321 1192 Adesto
345 1134 607 1211 supplicationibus
630 1134 746 1207 nostris,
770 1134 955 1210 omnipotens
976 1132 1067 1205 Deus,
1089 1139 1119 1190 et
1140 1131 1257 1190 famulae
1284 1140 1344 1190 tuae

147 1213 288 1291 largifluae
301 1216 493 1292 protectionis
506 1235 613 1272 munus
627 1215 759 1286 concede,
770 1221 805 1271 ut
819 1214 994 1272 adveniente
1008 1222 1141 1290 tempore
1150 1213 1342 1290 parturiendi,

147 1296 248 1371 gratiae
262 1302 322 1353 tuae
335 1296 504 1373 praesidium
518 1294 665 1372 suscipiat,
679 1303 710 1352 et
722 1295 819 1372 proles
833 1314 922 1371 quam
935 1294 1069 1366 ediderit,
1080 1300 1215 1370 percepto
1227 1294 1343 1351 lavacro

147 1376 277 1449 salutari,
292 1377 427 1454 gratiosis
440 1376 566 1434 feliciter
578 1376 712 1454 proficiat
725 1375 921 1433 incrementis.
965 1374 1023 1433 Per
1035 1373 1205 1432 Dominum.

518 1544 523 1554 ⁴
624 1528 716 1586 From
735 1528 801 1587 MS.
823 1528 862 1585 D.

475 1634 514 1692 Iu
534 1652 587 1692 nm
608 1650 714 1691 sarcrr
735 1634 852 1706 Ecrnrr,
874 1650 1008 1692 Annnrrs.

209 1717 317 1776 Oratio.

207 1797 360 1854 Praetende
377 1796 469 1867 nobis,
485 1795 622 1866 Domine,
637 1796 864 1854 misericordiam
887 1800 978 1867 tuam,
994 1801 1030 1852 ut
1050 1795 1101 1871 qui
1121 1814 1175 1871 per
1195 1794 1342 1853 orationes

148 1879 268 1936 devotas
284 1878 364 1935 beati
385 1876 486 1952 Egidii
498 1877 614 1933 abbatis
628 1875 767 1932 Carolum
779 1877 987 1952 imperatorem
1000 1895 1018 1932 a
1030 1882 1216 1951 peccatorum
1229 1875 1341 1952 laqueis

146 1958 286 2029 liberasti,
308 1958 488 2015 concedent
509 1963 590 2014 tuam
614 1957 811 2014 dulcissimam
833 1957 984 2014 Deitatem
1006 1961 1108 2013 exoret
1128 1975 1182 2032 pro
1202 1956 1295 2027 nobis,
1310 1964 1341 2014 et

146 2039 322 2096 desiderium
347 2044 480 2095 nostrum
504 2037 537 2094 in
560 2037 671 2097 bonunr
694 2038 772 2113 apud
796 2043 879 2095 tuam
901 2037 1040 2113 expediat
1062 2037 1255 2112 majestatem,
1273 2043 1303 2094 et
1322 2056 1341 2094 a

145 2126 234 2196 puteo
246 2119 376 2176 faetentis
389 2117 500 2194 peccati
513 2118 626 2176 animas
639 2124 753 2175 nostras
766 2118 925 2176 transferat
945 2118 982 2175 ad
1002 2117 1147 2193 integram
1168 2118 1340 2194 puritatem,
1453 2129 1455 2134 '

145 2201 182 2258 sd
202 2199 304 2273 gratiae
326 2199 499 2271 claritatem,
514 2198 552 2256 ad
574 2198 674 2276 gloriae
698 2199 841 2256 mirabilis
862 2204 1034 2276 perpetuam
1055 2199 1237 2275 dignitatem.
1281 2197 1340 2255 Per

145 2280 315 2338 Dominum.

205 2360 325 2419 Secreto.
378 2379 380 2382 ·

205 2442 360 2499 Mentibus
382 2441 501 2511 nostris,
526 2460 702 2525 quaesumus,
727 2441 863 2515 Domine,
888 2441 969 2498 beati
994 2440 1094 2516 Egidii
1117 2440 1233 2497 abbatis
1252 2440 1342 2498 inter-

145 2523 273 2580 cessione
299 2522 425 2598 gratiam
452 2529 512 2578 tuae
546 2522 720 2598 placationis
746 2522 879 2591 infunde,
907 2527 943 2578 ut
969 2521 1075 2579 collata
1101 2521 1186 2577 nobis
1213 2522 1342 2578 remedia

144 2603 253 2660 tuearis
267 2610 297 2660 et
310 2603 458 2679 propitius
472 2602 647 2660 conferenda
660 2603 802 2679 largiaris.
846 2603 906 2660 Per
920 2601 1089 2660 Dominum.

205 2684 446 2742 Poatcommcar'o.
536 2691 538 2697 '

204 2764 329 2835 Refecti,
352 2763 488 2837 Domine,
512 2765 747 2841 participationis
773 2764 898 2841 dapibus
925 2763 1070 2840 supplices
1093 2762 1283 2839 deposcimus,
1307 2771 1343 2820 ut

145 2848 238 2903 sancti
252 2845 352 2921 Egidii
367 2845 538 2904 confessoris
552 2846 598 2902 tui
611 2846 747 2921 precibus
760 2865 875 2923 semper
883 2844 992 2902 divinre
1006 2842 1212 2902 consolationis
1226 2865 1342 2902 muner·

144 2926 210 2983 ibus
224 2928 377 2984 satientur.
421 2926 480 2983 Per
493 2925 663 2986 Dominum.

624 3081 715 3138 From
735 3079 800 3139 MS.
824 3080 862 3138 D.

324 3186 364 3244 ΙΝ
384 3185 483 3244 Fssro
505 3186 719 3243 Vrsrrsrrorrrs
741 3202 846 3242 aaran
866 3185 983 3243 Murus
1002 3185 1157 3243 Vmcnus.

204 3308 344 3382 Officium.
388 3307 577 3366 Gaudeamus
590 3326 698 3365 omnes.

203 3388 349 3446 Patmos.
394 3388 520 3446 Oantatc
534 3387 671 3447 Domino.

205 3469 307 3528 Gloria
322 3469 415 3527 Patri.

206 3548 314 3608 Oratio.

204 3629 399 3706 Omnipotens
421 3631 599 3707 sempiterne
621 3628 711 3703 Deus,
733 3629 786 3706 qui
809 3648 848 3687 ex
867 3629 1050 3685 abundantia
1073 3627 1205 3685 caritatis
1225 3627 1342 3685 beatam

143 3709 271 3769 Mariam
294 3719 347 3769 tuo
370 3711 448 3769 Filio
470 3711 685 3788 impregnatam
708 3712 744 3768 ad
767 3709 976 3768 salutationem
998 3708 1151 3765 Elizabeth
1171 3708 1342 3784 inspirasti;

143 3797 258 3866 praesta,
274 3811 451 3868 quaesumus,
466 3799 502 3848 ut
515 3812 567 3869 per
584 3793 648 3869 ejus
662 3791 873 3849 Visitationem
887 3790 973 3847 donis
982 3789 1145 3846 caelestibus
1157 3788 1341 3865 impleamur,

141 3877 172 3928 et
185 3874 223 3930 ab
236 3873 374 3930 omnibus
387 3873 619 3930 adversitatibus
632 3892 777 3931 eruamur.
822 3870 880 3928 Per
894 3870 1020 3928 eundern
1034 3869 1205 3927 Dominum.
1267 3930 1270 3937 ,

202 3954 298 4012 Lectio
315 3954 383 4012 libri
395 3953 552 4027 Sapientior
566 3952 670 4031 (Ocpt.
688 3951 923 4012 Oaaticorctmic'.
940 3950 1037 4026 8-14).
1198 3951 1200 3957 '

202 4035 278 4092 Ecce
291 4035 349 4092 iste
362 4034 446 4091 venit
460 4033 567 4091 saliens
580 4053 670 4109 caque
684 4035 724 4090 cd
737 4033 826 4090 facies
839 4037 892 4089 tua
906 4022 1016 4088 decor'a.

204 4114 339 4174 Orcdclc.
382 4114 544 4172 Benedicta
556 4121 587 4172 et
599 4112 776 4172 venerabilis
789 4131 829 4184 es,
843 4112 927 4188 virgo
942 4111 1046 4168 Maria

148 4193 177 4252 V.
204 4195 299 4272 Virgo
313 4195 378 4254 Dei

199 4276 347 4351 Alleluya.
397 4275 426 4334 V.
451 4275 491 4332 In
511 4274 610 4332 Maria
629 4275 785 4351 virginitas
808 4291 862 4349 per
886 4271 991 4330 saecula
1015 4271 1247 4343 commendatur,
1269 4271 1340 4329 dum

140 4355 266 4414 visitans
280 4356 434 4414 Elizabetlr
447 4356 566 4413 subdita
579 4355 728 4433 probatur.

201 4435 243 4494 Ic
276 4446 399 4513 tacrpora
431 4436 578 4505 Pardali,
612 4434 763 4512 Alleluya.
840 4431 869 4491 V.
912 4432 983 4510 Spes
1012 4431 1101 4489 datur
1127 4432 1208 4490 omni
1236 4433 1343 4510 populo

144 4514 272 4575 Mariam
286 4538 355 4575 mox
369 4517 506 4576 invocare
518 4516 634 4575 videnti
647 4515 724 4573 hanc
738 4513 893 4572 Elisabeth
906 4513 1065 4573 humiliter
1078 4512 1208 4571 visitare.
