<?xml version="1.0" encoding="UTF-8"?>
<!DOCTYPE html PUBLIC "-//W3C//DTD XHTML 1.0 Transitional//EN"
    "http://www.w3.org/TR/xhtml1/DTD/xhtml1-transitional.dtd">
<html xmlns="http://www.w3.org/1999/xhtml" xml:lang="en" lang="en">
 <head>
  <title>
</title>
<meta http-equiv="Content-Type" content="text/html;charset=utf-8" />
  <meta name='ocr-system' content='tesseract 3.04.00' />
  <meta name='ocr-capabilities' content='ocr_page ocr_carea ocr_par ocr_line ocrx_word'/>
</head>
<body>
  <div class='ocr_page' id='page_1' title='image "./missaleadusumin02churgoog_0363.png"; bbox 0 0 2946 5002; ppageno 0'>
   <div class='ocr_carea' id='block_1_1' title="bbox 193 344 1174 432">
    <p class='ocr_par' dir='ltr' id='par_1_1' title="bbox 193 344 1174 432">
     <span class='ocr_line' id='line_1_1' title="bbox 193 344 1174 432; baseline -0.005 -18"><span class='ocrx_word' id='word_1_1' title='bbox 193 349 256 414; x_wconf 79' lang='lat'>334</span> <span class='ocrx_word' id='word_1_2' title='bbox 399 344 521 411; x_wconf 80' lang='lat' dir='ltr'>Miaaol</span> <span class='ocrx_word' id='word_1_3' title='bbox 537 344 644 432; x_wconf 72' lang='lat' dir='ltr'>Officia</span> <span class='ocrx_word' id='word_1_4' title='bbox 661 346 756 432; x_wconf 79' lang='lat' dir='ltr'>from</span> <span class='ocrx_word' id='word_1_5' title='bbox 770 345 820 409; x_wconf 78' lang='lat' dir='ltr'>the</span> <span class='ocrx_word' id='word_1_6' title='bbox 834 346 970 430; x_wconf 75' lang='lat' dir='ltr'>Boapor</span> <span class='ocrx_word' id='word_1_7' title='bbox 985 344 1174 431; x_wconf 80' lang='lat' dir='ltr'>Pontificol.</span> 
     </span>
    </p>
   </div>
   <div class='ocr_carea' id='block_1_2' title="bbox 187 511 1387 1074">
    <p class='ocr_par' dir='ltr' id='par_1_2' title="bbox 189 511 1387 733">
     <span class='ocr_line' id='line_1_2' title="bbox 189 511 1387 589; baseline 0.001 -19"><span class='ocrx_word' id='word_1_8' title='bbox 189 519 324 571; x_wconf 87' lang='lat' dir='ltr'>nostrum</span> <span class='ocrx_word' id='word_1_9' title='bbox 344 513 551 589; x_wconf 88' lang='lat' dir='ltr'>quotidianum</span> <span class='ocrx_word' id='word_1_10' title='bbox 563 511 602 570; x_wconf 87' lang='lat' dir='ltr'>da</span> <span class='ocrx_word' id='word_1_11' title='bbox 614 512 699 569; x_wconf 90' lang='lat' dir='ltr'>nobis</span> <span class='ocrx_word' id='word_1_12' title='bbox 719 512 813 569; x_wconf 85' lang='lat' dir='ltr'>hodie.</span> <span class='ocrx_word' id='word_1_13' title='bbox 858 512 900 568; x_wconf 87' lang='lat' dir='ltr'>Et</span> <span class='ocrx_word' id='word_1_14' title='bbox 913 511 1032 570; x_wconf 80' lang='lat' dir='ltr'>dimitte</span> <span class='ocrx_word' id='word_1_15' title='bbox 1051 513 1136 569; x_wconf 87' lang='lat' dir='ltr'>nobis</span> <span class='ocrx_word' id='word_1_16' title='bbox 1156 513 1256 570; x_wconf 87' lang='lat' dir='ltr'>debita</span> <span class='ocrx_word' id='word_1_17' title='bbox 1275 519 1387 585; x_wconf 88' lang='lat' dir='ltr'>nostra,</span> 
     </span>
     <span class='ocr_line' id='line_1_3' title="bbox 189 593 1387 652; baseline -0.002 0"><span class='ocrx_word' id='word_1_18' title='bbox 189 595 266 652; x_wconf 87' lang='lat' dir='ltr'>sicut</span> <span class='ocrx_word' id='word_1_19' title='bbox 293 599 325 651; x_wconf 89' lang='lat' dir='ltr'>et</span> <span class='ocrx_word' id='word_1_20' title='bbox 346 611 400 650; x_wconf 87' lang='lat' dir='ltr'>nos</span> <span class='ocrx_word' id='word_1_21' title='bbox 427 593 606 651; x_wconf 75' lang='lat' dir='ltr'>dimittimus</span> <span class='ocrx_word' id='word_1_22' title='bbox 633 593 815 650; x_wconf 77' lang='lat' dir='ltr'>debitoribus</span> <span class='ocrx_word' id='word_1_23' title='bbox 840 593 958 651; x_wconf 87' lang='lat' dir='ltr'>nostris.</span> <span class='ocrx_word' id='word_1_24' title='bbox 1009 593 1050 649; x_wconf 87' lang='lat' dir='ltr'>Et</span> <span class='ocrx_word' id='word_1_25' title='bbox 1071 612 1109 650; x_wconf 91' lang='lat' dir='ltr'>ne</span> <span class='ocrx_word' id='word_1_26' title='bbox 1130 613 1184 650; x_wconf 90' lang='lat' dir='ltr'>nos</span> <span class='ocrx_word' id='word_1_27' title='bbox 1204 593 1327 652; x_wconf 76' lang='lat' dir='ltr'>inducas</span> <span class='ocrx_word' id='word_1_28' title='bbox 1353 594 1387 650; x_wconf 92' lang='lat' dir='ltr'>in</span> 
     </span>
     <span class='ocr_line' id='line_1_4' title="bbox 190 674 543 733; baseline -0.003 -1"><span class='ocrx_word' id='word_1_29' title='bbox 190 674 392 733; x_wconf 84' lang='lat' dir='ltr'>tentationem.</span> <span class='ocrx_word' id='word_1_30' title='bbox 434 674 543 732; x_wconf 81' lang='lat' dir='ltr'>Amen.</span> 
     </span>
    </p>

    <p class='ocr_par' dir='ltr' id='par_1_3' title="bbox 187 754 1387 1074">
     <span class='ocr_line' id='line_1_5' title="bbox 249 754 1386 831; baseline 0.001 -19"><span class='ocrx_word' id='word_1_31' title='bbox 249 755 357 813; x_wconf 86' lang='lat' dir='ltr'>Libera</span> <span class='ocrx_word' id='word_1_32' title='bbox 376 774 437 827; x_wconf 92' lang='lat' dir='ltr'>nos,</span> <span class='ocrx_word' id='word_1_33' title='bbox 453 773 629 831; x_wconf 89' lang='lat' dir='ltr'>quaesumus,</span> <span class='ocrx_word' id='word_1_34' title='bbox 651 755 788 827; x_wconf 90' lang='lat' dir='ltr'>Domine,</span> <span class='ocrx_word' id='word_1_35' title='bbox 810 755 849 812; x_wconf 92' lang='lat' dir='ltr'>ab</span> <span class='ocrx_word' id='word_1_36' title='bbox 869 755 1006 812; x_wconf 90' lang='lat' dir='ltr'>omnibus</span> <span class='ocrx_word' id='word_1_37' title='bbox 1025 754 1111 811; x_wconf 83' lang='lat' dir='ltr'>maiis</span> <span class='ocrx_word' id='word_1_38' title='bbox 1130 755 1299 830; x_wconf 77' lang='lat' dir='ltr'>praeteritis,</span> <span class='ocrx_word' id='word_1_39' title='bbox 1314 774 1386 831; x_wconf 81' lang='lat' dir='ltr'>prae-</span> 
     </span>
     <span class='ocr_line' id='line_1_6' title="bbox 187 835 1387 911; baseline -0.001 -18"><span class='ocrx_word' id='word_1_40' title='bbox 187 837 331 909; x_wconf 85' lang='lat' dir='ltr'>sentibus,</span> <span class='ocrx_word' id='word_1_41' title='bbox 345 842 376 893; x_wconf 89' lang='lat' dir='ltr'>et</span> <span class='ocrx_word' id='word_1_42' title='bbox 388 835 498 893; x_wconf 86' lang='lat' dir='ltr'>futuris</span> <span class='ocrx_word' id='word_1_43' title='bbox 511 855 520 908; x_wconf 90' lang='lat'>;</span> <span class='ocrx_word' id='word_1_44' title='bbox 542 840 574 893; x_wconf 90' lang='grc'>00</span> <span class='ocrx_word' id='word_1_45' title='bbox 592 835 793 893; x_wconf 81' lang='lat' dir='ltr'>intercedente</span> <span class='ocrx_word' id='word_1_46' title='bbox 812 854 866 911; x_wconf 92' lang='lat' dir='ltr'>pro</span> <span class='ocrx_word' id='word_1_47' title='bbox 880 836 965 892; x_wconf 89' lang='lat' dir='ltr'>nobis</span> <span class='ocrx_word' id='word_1_48' title='bbox 978 836 1064 893; x_wconf 86' lang='lat' dir='ltr'>beata</span> <span class='ocrx_word' id='word_1_49' title='bbox 1077 841 1108 893; x_wconf 90' lang='lat' dir='ltr'>et</span> <span class='ocrx_word' id='word_1_50' title='bbox 1120 835 1247 910; x_wconf 87' lang='lat' dir='ltr'>gloriosa</span> <span class='ocrx_word' id='word_1_51' title='bbox 1260 855 1387 911; x_wconf 88' lang='lat' dir='ltr'>semper-</span> 
     </span>
     <span class='ocr_line' id='line_1_7' title="bbox 187 915 1386 994; baseline 0 -20"><span class='ocrx_word' id='word_1_52' title='bbox 187 936 245 994; x_wconf 89' lang='lat' dir='ltr'>que</span> <span class='ocrx_word' id='word_1_53' title='bbox 258 917 373 993; x_wconf 83' lang='lat' dir='ltr'>virgine</span> <span class='ocrx_word' id='word_1_54' title='bbox 387 917 446 975; x_wconf 90' lang='lat' dir='ltr'>Dei</span> <span class='ocrx_word' id='word_1_55' title='bbox 458 916 606 994; x_wconf 84' lang='lat' dir='ltr'>genetrice</span> <span class='ocrx_word' id='word_1_56' title='bbox 620 915 719 974; x_wconf 87' lang='lat' dir='ltr'>Maria</span> <span class='ocrx_word' id='word_1_57' title='bbox 738 923 770 974; x_wconf 90' lang='lat' dir='ltr'>et</span> <span class='ocrx_word' id='word_1_58' title='bbox 789 916 884 973; x_wconf 87' lang='lat' dir='ltr'>beatis</span> <span class='ocrx_word' id='word_1_59' title='bbox 897 916 1052 992; x_wconf 87' lang='lat' dir='ltr'>Apostolis</span> <span class='ocrx_word' id='word_1_60' title='bbox 1064 916 1126 973; x_wconf 88' lang='lat' dir='ltr'>tuis</span> <span class='ocrx_word' id='word_1_61' title='bbox 1140 916 1231 974; x_wconf 92' lang='lat' dir='ltr'>Petro</span> <span class='ocrx_word' id='word_1_62' title='bbox 1245 923 1276 974; x_wconf 91' lang='lat' dir='ltr'>et</span> <span class='ocrx_word' id='word_1_63' title='bbox 1290 917 1386 975; x_wconf 89' lang='lat' dir='ltr'>Panlo</span> 
     </span>
     <span class='ocr_line' id='line_1_8' title="bbox 187 996 858 1074; baseline -0.003 -18"><span class='ocrx_word' id='word_1_64' title='bbox 187 1006 278 1074; x_wconf 90' lang='lat' dir='ltr'>atque</span> <span class='ocrx_word' id='word_1_65' title='bbox 291 998 415 1055; x_wconf 88' lang='lat' dir='ltr'>Andrea</span> <span class='ocrx_word' id='word_1_66' title='bbox 428 1017 495 1054; x_wconf 92' lang='lat' dir='ltr'>cum</span> <span class='ocrx_word' id='word_1_67' title='bbox 509 997 645 1055; x_wconf 92' lang='lat' dir='ltr'>omnibus</span> <span class='ocrx_word' id='word_1_68' title='bbox 660 996 775 1054; x_wconf 85' lang='lat' dir='ltr'>Sanctis</span> <span class='ocrx_word' id='word_1_69' title='bbox 788 997 858 1070; x_wconf 90' lang='lat' dir='ltr'>tuis,</span> 
     </span>
    </p>
   </div>
   <div class='ocr_carea' id='block_1_3' title="bbox 187 1100 1384 1404">
    <p class='ocr_par' dir='ltr' id='par_1_4' title="bbox 187 1100 1384 1404">
     <span class='ocr_line' id='line_1_9' title="bbox 248 1100 1081 1178; baseline 0 -18"><span class='ocrx_word' id='word_1_70' title='bbox 248 1103 309 1161; x_wconf 85' lang='lat' dir='ltr'>Hic</span> <span class='ocrx_word' id='word_1_71' title='bbox 321 1103 413 1178; x_wconf 78' lang='lat' dir='ltr'>aiqaet</span> <span class='ocrx_word' id='word_1_72' title='bbox 426 1123 454 1160; x_wconf 82' lang='lat' dir='ltr'>ee</span> <span class='ocrx_word' id='word_1_73' title='bbox 466 1100 606 1160; x_wconf 75' lang='lat' dir='ltr'>Sacerdos</span> <span class='ocrx_word' id='word_1_74' title='bbox 619 1101 653 1160; x_wconf 80' lang='lat' dir='ltr'>de</span> <span class='ocrx_word' id='word_1_75' title='bbox 661 1111 774 1177; x_wconf 77' lang='lat' dir='ltr'>poterae</span> <span class='ocrx_word' id='word_1_76' title='bbox 786 1102 821 1159; x_wconf 78' lang='lat' dir='ltr'>iae</span> <span class='ocrx_word' id='word_1_77' title='bbox 834 1103 954 1160; x_wconf 80' lang='lat' dir='ltr'>modam</span> <span class='ocrx_word' id='word_1_78' title='bbox 967 1103 1062 1160; x_wconf 72' lang='grc'><strong>000010</strong></span> <span class='ocrx_word' id='word_1_79' title='bbox 1071 1126 1081 1161; x_wconf 91' lang='lat'><em>:</em></span> 
     </span>
     <span class='ocr_line' id='line_1_10' title="bbox 187 1182 1383 1260; baseline -0.001 -19"><span class='ocrx_word' id='word_1_80' title='bbox 187 1185 226 1242; x_wconf 85' lang='lat' dir='ltr'>da</span> <span class='ocrx_word' id='word_1_81' title='bbox 246 1184 392 1260; x_wconf 88' lang='lat' dir='ltr'>propitius</span> <span class='ocrx_word' id='word_1_82' title='bbox 411 1202 512 1259; x_wconf 87' lang='lat' dir='ltr'>pacem</span> <span class='ocrx_word' id='word_1_83' title='bbox 531 1183 564 1238; x_wconf 90' lang='lat' dir='ltr'>in</span> <span class='ocrx_word' id='word_1_84' title='bbox 584 1183 687 1240; x_wconf 88' lang='lat' dir='ltr'>diebus</span> <span class='ocrx_word' id='word_1_85' title='bbox 707 1183 825 1254; x_wconf 88' lang='lat' dir='ltr'>nostris,</span> <span class='ocrx_word' id='word_1_86' title='bbox 841 1188 884 1254; x_wconf 91' lang='lat' dir='ltr'>ut,</span> <span class='ocrx_word' id='word_1_87' title='bbox 899 1201 954 1259; x_wconf 90' lang='lat' dir='ltr'>ope</span> <span class='ocrx_word' id='word_1_88' title='bbox 973 1182 1179 1240; x_wconf 76' lang='lat' dir='ltr'>misericordiae</span> <span class='ocrx_word' id='word_1_89' title='bbox 1196 1189 1256 1240; x_wconf 90' lang='lat' dir='ltr'>tuae</span> <span class='ocrx_word' id='word_1_90' title='bbox 1277 1185 1383 1260; x_wconf 87' lang='lat' dir='ltr'>adjuti,</span> 
     </span>
     <span class='ocr_line' id='line_1_11' title="bbox 187 1263 1384 1340; baseline 0 -18"><span class='ocrx_word' id='word_1_91' title='bbox 187 1272 218 1323; x_wconf 88' lang='lat' dir='ltr'>et</span> <span class='ocrx_word' id='word_1_92' title='bbox 231 1284 249 1322; x_wconf 86' lang='lat' dir='ltr'>a</span> <span class='ocrx_word' id='word_1_93' title='bbox 261 1271 380 1340; x_wconf 90' lang='lat' dir='ltr'>peccato</span> <span class='ocrx_word' id='word_1_94' title='bbox 394 1265 485 1320; x_wconf 89' lang='lat' dir='ltr'>simus</span> <span class='ocrx_word' id='word_1_95' title='bbox 505 1282 619 1339; x_wconf 83' lang='lat' dir='ltr'>semper</span> <span class='ocrx_word' id='word_1_96' title='bbox 639 1263 733 1335; x_wconf 91' lang='lat' dir='ltr'>liberi,</span> <span class='ocrx_word' id='word_1_97' title='bbox 749 1269 781 1320; x_wconf 90' lang='lat' dir='ltr'>et</span> <span class='ocrx_word' id='word_1_98' title='bbox 793 1264 831 1320; x_wconf 87' lang='lat' dir='ltr'>ab</span> <span class='ocrx_word' id='word_1_99' title='bbox 845 1264 926 1320; x_wconf 92' lang='lat' dir='ltr'>omni</span> <span class='ocrx_word' id='word_1_100' title='bbox 943 1264 1165 1340; x_wconf 86' lang='lat' dir='ltr'>perturbatione</span> <span class='ocrx_word' id='word_1_101' title='bbox 1178 1265 1281 1323; x_wconf 90' lang='lat' dir='ltr'>securi.</span> <span class='ocrx_word' id='word_1_102' title='bbox 1325 1264 1384 1322; x_wconf 89' lang='lat' dir='ltr'>Per</span> 
     </span>
     <span class='ocr_line' id='line_1_12' title="bbox 188 1344 649 1404; baseline -0.004 0"><span class='ocrx_word' id='word_1_103' title='bbox 188 1346 314 1404; x_wconf 86' lang='lat' dir='ltr'>eundem</span> <span class='ocrx_word' id='word_1_104' title='bbox 329 1344 493 1401; x_wconf 90' lang='lat' dir='ltr'>Dominum</span> <span class='ocrx_word' id='word_1_105' title='bbox 506 1350 649 1402; x_wconf 89' lang='lat' dir='ltr'>nostrum.</span> 
     </span>
    </p>
   </div>
   <div class='ocr_carea' id='block_1_4' title="bbox 185 1448 1382 2614">
    <p class='ocr_par' dir='ltr' id='par_1_5' title="bbox 247 1448 982 1525">
     <span class='ocr_line' id='line_1_13' title="bbox 247 1448 982 1525; baseline -0.003 -17"><span class='ocrx_word' id='word_1_106' title='bbox 247 1449 442 1525; x_wconf 71' lang='lat' dir='ltr'>Hicsranpet</span> <span class='ocrx_word' id='word_1_107' title='bbox 456 1448 592 1507; x_wconf 75' lang='lat' dir='ltr'>Hostiam</span> <span class='ocrx_word' id='word_1_108' title='bbox 604 1449 638 1507; x_wconf 78' lang='lat' dir='ltr'>iae</span> <span class='ocrx_word' id='word_1_109' title='bbox 652 1457 708 1507; x_wconf 77' lang='lat' dir='ltr'>tres</span> <span class='ocrx_word' id='word_1_110' title='bbox 715 1459 824 1525; x_wconf 80' lang='lat' dir='ltr'>portes,</span> <span class='ocrx_word' id='word_1_111' title='bbox 839 1449 960 1507; x_wconf 81' lang='lat' dir='ltr'>dicendo</span> <span class='ocrx_word' id='word_1_112' title='bbox 972 1473 982 1508; x_wconf 83' lang='lat'>.-</span> 
     </span>
    </p>

    <p class='ocr_par' dir='ltr' id='par_1_6' title="bbox 248 1529 884 1590">
     <span class='ocr_line' id='line_1_14' title="bbox 248 1529 884 1590; baseline -0.003 -1"><span class='ocrx_word' id='word_1_113' title='bbox 248 1532 308 1590; x_wconf 90' lang='lat' dir='ltr'>Per</span> <span class='ocrx_word' id='word_1_114' title='bbox 320 1530 420 1588; x_wconf 92' lang='lat' dir='ltr'>omnia</span> <span class='ocrx_word' id='word_1_115' title='bbox 432 1529 537 1588; x_wconf 86' lang='lat' dir='ltr'>saecula</span> <span class='ocrx_word' id='word_1_116' title='bbox 554 1529 733 1588; x_wconf 71' lang='lat' dir='ltr'>saeculorum.</span> <span class='ocrx_word' id='word_1_117' title='bbox 775 1531 884 1588; x_wconf 91' lang='lat' dir='ltr'>Amen.</span> 
     </span>
    </p>

    <p class='ocr_par' dir='ltr' id='par_1_7' title="bbox 247 1608 914 1691">
     <span class='ocr_line' id='line_1_15' title="bbox 247 1608 914 1691; baseline -0.003 -21"><span class='ocrx_word' id='word_1_118' title='bbox 247 1609 485 1691; x_wconf 53' lang='lat' dir='ltr'>PaxfflDom&#39;mi</span> <span class='ocrx_word' id='word_1_119' title='bbox 502 1608 703 1690; x_wconf 55' lang='lat' dir='ltr'>sitfflsemper</span> <span class='ocrx_word' id='word_1_120' title='bbox 715 1609 914 1690; x_wconf 59' lang='lat' dir='ltr'>vobissxecum.</span> 
     </span>
    </p>

    <p class='ocr_par' dir='ltr' id='par_1_8' title="bbox 247 1691 1127 1771">
     <span class='ocr_line' id='line_1_16' title="bbox 247 1691 1127 1771; baseline -0.002 -20"><span class='ocrx_word' id='word_1_121' title='bbox 247 1694 355 1771; x_wconf 81' lang='lat' dir='ltr'>Agnus</span> <span class='ocrx_word' id='word_1_122' title='bbox 368 1693 435 1763; x_wconf 91' lang='lat' dir='ltr'>Dei,</span> <span class='ocrx_word' id='word_1_123' title='bbox 450 1691 502 1768; x_wconf 89' lang='lat' dir='ltr'>qui</span> <span class='ocrx_word' id='word_1_124' title='bbox 515 1691 596 1749; x_wconf 89' lang='lat' dir='ltr'>tollis</span> <span class='ocrx_word' id='word_1_125' title='bbox 608 1697 728 1768; x_wconf 88' lang='lat' dir='ltr'>peccata</span> <span class='ocrx_word' id='word_1_126' title='bbox 740 1692 862 1749; x_wconf 89' lang='lat' dir='ltr'>mundi:</span> <span class='ocrx_word' id='word_1_127' title='bbox 883 1691 1020 1749; x_wconf 90' lang='lat' dir='ltr'>miserere</span> <span class='ocrx_word' id='word_1_128' title='bbox 1033 1691 1127 1749; x_wconf 89' lang='lat' dir='ltr'>nobis.</span> 
     </span>
    </p>

    <p class='ocr_par' dir='ltr' id='par_1_9' title="bbox 247 1772 1135 1850">
     <span class='ocr_line' id='line_1_17' title="bbox 247 1772 1135 1850; baseline -0.003 -18"><span class='ocrx_word' id='word_1_129' title='bbox 247 1775 355 1850; x_wconf 87' lang='lat' dir='ltr'>Agnus</span> <span class='ocrx_word' id='word_1_130' title='bbox 368 1773 435 1845; x_wconf 88' lang='lat' dir='ltr'>Dei,</span> <span class='ocrx_word' id='word_1_131' title='bbox 451 1773 503 1849; x_wconf 91' lang='lat' dir='ltr'>qui</span> <span class='ocrx_word' id='word_1_132' title='bbox 515 1772 596 1831; x_wconf 87' lang='lat' dir='ltr'>tollis</span> <span class='ocrx_word' id='word_1_133' title='bbox 608 1778 727 1849; x_wconf 89' lang='lat' dir='ltr'>peccata</span> <span class='ocrx_word' id='word_1_134' title='bbox 740 1772 845 1829; x_wconf 90' lang='lat' dir='ltr'>mundi</span> <span class='ocrx_word' id='word_1_135' title='bbox 859 1792 866 1830; x_wconf 73' lang='grc' dir='ltr'><strong>ε</strong></span> <span class='ocrx_word' id='word_1_136' title='bbox 889 1772 1027 1830; x_wconf 89' lang='lat' dir='ltr'>miserere</span> <span class='ocrx_word' id='word_1_137' title='bbox 1040 1773 1135 1830; x_wconf 80' lang='lat' dir='ltr'>nobis,</span> 
     </span>
    </p>

    <p class='ocr_par' dir='ltr' id='par_1_10' title="bbox 247 1852 1180 1931">
     <span class='ocr_line' id='line_1_18' title="bbox 247 1852 1180 1931; baseline -0.002 -18"><span class='ocrx_word' id='word_1_138' title='bbox 247 1856 355 1931; x_wconf 81' lang='lat' dir='ltr'>Agnus</span> <span class='ocrx_word' id='word_1_139' title='bbox 368 1854 435 1924; x_wconf 88' lang='lat' dir='ltr'>Dei,</span> <span class='ocrx_word' id='word_1_140' title='bbox 450 1854 502 1930; x_wconf 92' lang='lat' dir='ltr'>qui</span> <span class='ocrx_word' id='word_1_141' title='bbox 514 1853 596 1911; x_wconf 86' lang='lat' dir='ltr'>tollis</span> <span class='ocrx_word' id='word_1_142' title='bbox 608 1859 727 1929; x_wconf 88' lang='lat' dir='ltr'>peccata</span> <span class='ocrx_word' id='word_1_143' title='bbox 740 1854 862 1910; x_wconf 90' lang='lat' dir='ltr'>mundi:</span> <span class='ocrx_word' id='word_1_144' title='bbox 883 1854 960 1911; x_wconf 94' lang='lat' dir='ltr'>dona</span> <span class='ocrx_word' id='word_1_145' title='bbox 972 1852 1058 1910; x_wconf 90' lang='lat' dir='ltr'>nobis</span> <span class='ocrx_word' id='word_1_146' title='bbox 1071 1873 1180 1929; x_wconf 84' lang='lat' dir='ltr'>pacem.</span> 
     </span>
    </p>

    <p class='ocr_par' dir='ltr' id='par_1_11' title="bbox 248 1945 487 2021">
     <span class='ocr_line' id='line_1_19' title="bbox 248 1945 487 2021; baseline -0.013 -17"><span class='ocrx_word' id='word_1_147' title='bbox 248 1949 309 2004; x_wconf 79' lang='lat' dir='ltr'>Pro</span> <span class='ocrx_word' id='word_1_148' title='bbox 323 1945 487 2021; x_wconf 72' lang='lat' dir='ltr'>deficeretis:</span> 
     </span>
    </p>

    <p class='ocr_par' dir='ltr' id='par_1_12' title="bbox 246 2026 1168 2105">
     <span class='ocr_line' id='line_1_20' title="bbox 246 2026 1168 2105; baseline 0.001 -21"><span class='ocrx_word' id='word_1_149' title='bbox 246 2029 354 2105; x_wconf 79' lang='lat' dir='ltr'>Agnus</span> <span class='ocrx_word' id='word_1_150' title='bbox 368 2029 435 2099; x_wconf 87' lang='lat' dir='ltr'>Dei,</span> <span class='ocrx_word' id='word_1_151' title='bbox 450 2026 503 2102; x_wconf 89' lang='lat' dir='ltr'>qui</span> <span class='ocrx_word' id='word_1_152' title='bbox 515 2027 596 2084; x_wconf 87' lang='lat' dir='ltr'>tollis</span> <span class='ocrx_word' id='word_1_153' title='bbox 609 2033 728 2103; x_wconf 86' lang='lat' dir='ltr'>peccata</span> <span class='ocrx_word' id='word_1_154' title='bbox 741 2027 863 2085; x_wconf 91' lang='lat' dir='ltr'>mundi:</span> <span class='ocrx_word' id='word_1_155' title='bbox 883 2027 961 2084; x_wconf 89' lang='lat' dir='ltr'>dona</span> <span class='ocrx_word' id='word_1_156' title='bbox 973 2026 1016 2084; x_wconf 88' lang='lat' dir='ltr'>eis</span> <span class='ocrx_word' id='word_1_157' title='bbox 1028 2028 1168 2103; x_wconf 88' lang='lat' dir='ltr'>requiem.</span> 
     </span>
    </p>

    <p class='ocr_par' dir='ltr' id='par_1_13' title="bbox 246 2107 1171 2186">
     <span class='ocr_line' id='line_1_21' title="bbox 246 2107 1171 2186; baseline 0 -21"><span class='ocrx_word' id='word_1_158' title='bbox 246 2109 354 2186; x_wconf 79' lang='lat' dir='ltr'>Agnus</span> <span class='ocrx_word' id='word_1_159' title='bbox 368 2107 436 2179; x_wconf 88' lang='lat' dir='ltr'>Dei,</span> <span class='ocrx_word' id='word_1_160' title='bbox 449 2107 502 2183; x_wconf 90' lang='lat' dir='ltr'>qui</span> <span class='ocrx_word' id='word_1_161' title='bbox 514 2107 596 2165; x_wconf 88' lang='lat' dir='ltr'>tollis</span> <span class='ocrx_word' id='word_1_162' title='bbox 609 2113 728 2183; x_wconf 88' lang='lat' dir='ltr'>peccata</span> <span class='ocrx_word' id='word_1_163' title='bbox 740 2108 863 2167; x_wconf 89' lang='lat' dir='ltr'>mundi:</span> <span class='ocrx_word' id='word_1_164' title='bbox 884 2107 961 2166; x_wconf 84' lang='lat' dir='ltr'>dona</span> <span class='ocrx_word' id='word_1_165' title='bbox 975 2109 1018 2166; x_wconf 90' lang='lat' dir='ltr'>eis</span> <span class='ocrx_word' id='word_1_166' title='bbox 1031 2108 1171 2184; x_wconf 68' lang='lat' dir='ltr'>requiem,</span> 
     </span>
    </p>

    <p class='ocr_par' dir='ltr' id='par_1_14' title="bbox 246 2188 1379 2267">
     <span class='ocr_line' id='line_1_22' title="bbox 246 2188 1379 2267; baseline -0.001 -20"><span class='ocrx_word' id='word_1_167' title='bbox 246 2189 355 2267; x_wconf 72' lang='lat' dir='ltr'>Agnus</span> <span class='ocrx_word' id='word_1_168' title='bbox 368 2188 435 2261; x_wconf 78' lang='lat' dir='ltr'>Dei,</span> <span class='ocrx_word' id='word_1_169' title='bbox 450 2188 503 2264; x_wconf 92' lang='lat' dir='ltr'>qui</span> <span class='ocrx_word' id='word_1_170' title='bbox 516 2188 596 2246; x_wconf 88' lang='lat' dir='ltr'>tollis</span> <span class='ocrx_word' id='word_1_171' title='bbox 606 2194 724 2265; x_wconf 91' lang='lat' dir='ltr'>peccata</span> <span class='ocrx_word' id='word_1_172' title='bbox 737 2189 859 2247; x_wconf 90' lang='lat' dir='ltr'>mundi:</span> <span class='ocrx_word' id='word_1_173' title='bbox 879 2188 957 2246; x_wconf 90' lang='lat' dir='ltr'>dona</span> <span class='ocrx_word' id='word_1_174' title='bbox 964 2189 1007 2246; x_wconf 88' lang='lat' dir='ltr'>eis</span> <span class='ocrx_word' id='word_1_175' title='bbox 1016 2190 1149 2265; x_wconf 86' lang='lat' dir='ltr'>requiem</span> <span class='ocrx_word' id='word_1_176' title='bbox 1162 2189 1379 2266; x_wconf 87' lang='lat' dir='ltr'>sempiternam.</span> 
     </span>
    </p>

    <p class='ocr_par' dir='ltr' id='par_1_15' title="bbox 248 2292 1276 2371">
     <span class='ocr_line' id='line_1_23' title="bbox 248 2292 1276 2371; baseline 0.002 -19"><span class='ocrx_word' id='word_1_177' title='bbox 248 2295 308 2354; x_wconf 87' lang='lat' dir='ltr'>Hic</span> <span class='ocrx_word' id='word_1_178' title='bbox 313 2298 374 2371; x_wconf 80' lang='lat' dir='ltr'>fiat</span> <span class='ocrx_word' id='word_1_179' title='bbox 388 2294 551 2354; x_wconf 70' lang='lat' dir='ltr'>commixtio</span> <span class='ocrx_word' id='word_1_180' title='bbox 565 2292 704 2370; x_wconf 78' lang='lat' dir='ltr'>Corporis</span> <span class='ocrx_word' id='word_1_181' title='bbox 716 2315 751 2353; x_wconf 86' lang='grc'>00</span> <span class='ocrx_word' id='word_1_182' title='bbox 763 2293 928 2370; x_wconf 63' lang='lat' dir='ltr'>Sanguinis</span> <span class='ocrx_word' id='word_1_183' title='bbox 942 2292 1062 2366; x_wconf 65' lang='grc'><strong>0000001,</strong></span> <span class='ocrx_word' id='word_1_184' title='bbox 1077 2295 1122 2352; x_wconf 83' lang='lat' dir='ltr'>ito</span> <span class='ocrx_word' id='word_1_185' title='bbox 1134 2293 1276 2355; x_wconf 79' lang='lat' dir='ltr'>dicendo:</span> 
     </span>
    </p>

    <p class='ocr_par' dir='ltr' id='par_1_16' title="bbox 185 2375 1382 2614">
     <span class='ocr_line' id='line_1_24' title="bbox 247 2375 1382 2452; baseline -0.001 -17"><span class='ocrx_word' id='word_1_186' title='bbox 247 2377 323 2435; x_wconf 88' lang='lat' dir='ltr'>Haec</span> <span class='ocrx_word' id='word_1_187' title='bbox 335 2382 519 2434; x_wconf 88' lang='lat' dir='ltr'>sacrosancta</span> <span class='ocrx_word' id='word_1_188' title='bbox 531 2375 704 2432; x_wconf 83' lang='lat' dir='ltr'>commixtio</span> <span class='ocrx_word' id='word_1_189' title='bbox 717 2376 845 2452; x_wconf 87' lang='lat' dir='ltr'>corporis</span> <span class='ocrx_word' id='word_1_190' title='bbox 855 2381 886 2433; x_wconf 91' lang='grc'>00</span> <span class='ocrx_word' id='word_1_191' title='bbox 898 2375 1049 2452; x_wconf 78' lang='lat' dir='ltr'>sanguinis</span> <span class='ocrx_word' id='word_1_192' title='bbox 1062 2375 1186 2432; x_wconf 91' lang='lat' dir='ltr'>Domini</span> <span class='ocrx_word' id='word_1_193' title='bbox 1198 2376 1294 2433; x_wconf 90' lang='lat' dir='ltr'>nostri</span> <span class='ocrx_word' id='word_1_194' title='bbox 1307 2376 1329 2434; x_wconf 85' lang='lat' dir='ltr'>J</span> <span class='ocrx_word' id='word_1_195' title='bbox 1330 2396 1382 2434; x_wconf 88' lang='lat' dir='ltr'>esu</span> 
     </span>
     <span class='ocr_line' id='line_1_25' title="bbox 185 2456 1381 2532; baseline -0.003 -16"><span class='ocrx_word' id='word_1_196' title='bbox 185 2457 309 2531; x_wconf 74' lang='lat' dir='ltr'>Christi,</span> <span class='ocrx_word' id='word_1_197' title='bbox 322 2457 376 2515; x_wconf 83' lang='lat' dir='ltr'>flat</span> <span class='ocrx_word' id='word_1_198' title='bbox 389 2456 474 2514; x_wconf 88' lang='lat' dir='ltr'>nobis</span> <span class='ocrx_word' id='word_1_199' title='bbox 487 2456 680 2532; x_wconf 87' lang='lat' dir='ltr'>omnibusque</span> <span class='ocrx_word' id='word_1_200' title='bbox 693 2457 878 2518; x_wconf 84' lang='lat' dir='ltr'>sumentibus</span> <span class='ocrx_word' id='word_1_201' title='bbox 890 2457 969 2515; x_wconf 88' lang='lat' dir='ltr'>salus</span> <span class='ocrx_word' id='word_1_202' title='bbox 982 2456 1091 2514; x_wconf 89' lang='lat' dir='ltr'>mentis</span> <span class='ocrx_word' id='word_1_203' title='bbox 1103 2463 1134 2514; x_wconf 88' lang='lat' dir='ltr'>et</span> <span class='ocrx_word' id='word_1_204' title='bbox 1147 2457 1285 2532; x_wconf 83' lang='lat' dir='ltr'>corporis,</span> <span class='ocrx_word' id='word_1_205' title='bbox 1299 2465 1330 2515; x_wconf 86' lang='lat' dir='ltr'>et</span> <span class='ocrx_word' id='word_1_206' title='bbox 1343 2457 1381 2514; x_wconf 87' lang='lat' dir='ltr'>ad</span> 
     </span>
     <span class='ocr_line' id='line_1_26' title="bbox 185 2537 1248 2614; baseline -0.003 -16"><span class='ocrx_word' id='word_1_207' title='bbox 185 2539 281 2598; x_wconf 84' lang='lat' dir='ltr'>vitam</span> <span class='ocrx_word' id='word_1_208' title='bbox 294 2544 435 2596; x_wconf 84' lang='lat' dir='ltr'>aeternam</span> <span class='ocrx_word' id='word_1_209' title='bbox 448 2537 652 2613; x_wconf 84' lang='lat' dir='ltr'>capessendam</span> <span class='ocrx_word' id='word_1_210' title='bbox 665 2538 840 2614; x_wconf 87' lang='lat' dir='ltr'>praeparatio</span> <span class='ocrx_word' id='word_1_211' title='bbox 854 2538 999 2596; x_wconf 86' lang='lat' dir='ltr'>salutaris.</span> <span class='ocrx_word' id='word_1_212' title='bbox 1042 2537 1101 2595; x_wconf 90' lang='lat' dir='ltr'>Per</span> <span class='ocrx_word' id='word_1_213' title='bbox 1114 2537 1248 2595; x_wconf 81' lang='lat' dir='ltr'>ermdem.</span> 
     </span>
    </p>
   </div>
   <div class='ocr_carea' id='block_1_5' title="bbox 183 2635 1381 3180">
    <p class='ocr_par' dir='ltr' id='par_1_17' title="bbox 249 2635 712 2710">
     <span class='ocr_line' id='line_1_27' title="bbox 249 2635 712 2710; baseline -0.002 -16"><span class='ocrx_word' id='word_1_214' title='bbox 249 2635 351 2695; x_wconf 80' lang='lat' dir='ltr'>Oratio</span> <span class='ocrx_word' id='word_1_215' title='bbox 365 2644 521 2710; x_wconf 71' lang='grc'><strong>0010000000</strong></span> <span class='ocrx_word' id='word_1_216' title='bbox 529 2655 593 2709; x_wconf 75' lang='lat' dir='ltr'>parc</span> <span class='ocrx_word' id='word_1_217' title='bbox 606 2635 712 2693; x_wconf 80' lang='lat' dir='ltr'>detur:</span> 
     </span>
    </p>

    <p class='ocr_par' dir='ltr' id='par_1_18' title="bbox 183 2714 1381 3180">
     <span class='ocr_line' id='line_1_28' title="bbox 247 2714 1381 2792; baseline -0.002 -18"><span class='ocrx_word' id='word_1_218' title='bbox 247 2717 384 2789; x_wconf 87' lang='lat' dir='ltr'>Domine,</span> <span class='ocrx_word' id='word_1_219' title='bbox 399 2720 500 2774; x_wconf 88' lang='lat' dir='ltr'>sancte</span> <span class='ocrx_word' id='word_1_220' title='bbox 520 2714 619 2787; x_wconf 88' lang='lat' dir='ltr'>Pater,</span> <span class='ocrx_word' id='word_1_221' title='bbox 641 2715 827 2792; x_wconf 91' lang='lat' dir='ltr'>omnipotens</span> <span class='ocrx_word' id='word_1_222' title='bbox 848 2722 956 2773; x_wconf 87' lang='lat' dir='ltr'>aeterne</span> <span class='ocrx_word' id='word_1_223' title='bbox 971 2715 1061 2786; x_wconf 89' lang='lat' dir='ltr'>Deus,</span> <span class='ocrx_word' id='word_1_224' title='bbox 1076 2714 1113 2771; x_wconf 87' lang='lat' dir='ltr'>da</span> <span class='ocrx_word' id='word_1_225' title='bbox 1131 2715 1206 2771; x_wconf 92' lang='lat' dir='ltr'>mihi</span> <span class='ocrx_word' id='word_1_226' title='bbox 1219 2714 1275 2772; x_wconf 90' lang='lat' dir='ltr'>hoc</span> <span class='ocrx_word' id='word_1_227' title='bbox 1288 2734 1381 2772; x_wconf 79' lang='lat' dir='ltr'>sacro</span> 
     </span>
     <span class='ocr_line' id='line_1_29' title="bbox 185 2794 1379 2873; baseline -0.003 -15"><span class='ocrx_word' id='word_1_228' title='bbox 185 2804 322 2858; x_wconf 81' lang='lat' dir='ltr'>sanctum</span> <span class='ocrx_word' id='word_1_229' title='bbox 349 2815 454 2872; x_wconf 87' lang='lat' dir='ltr'>corpus</span> <span class='ocrx_word' id='word_1_230' title='bbox 481 2801 512 2854; x_wconf 89' lang='lat' dir='ltr'>et</span> <span class='ocrx_word' id='word_1_231' title='bbox 538 2796 710 2873; x_wconf 84' lang='lat' dir='ltr'>sanguinem</span> <span class='ocrx_word' id='word_1_232' title='bbox 738 2796 810 2852; x_wconf 84' lang='lat' dir='ltr'>Filii</span> <span class='ocrx_word' id='word_1_233' title='bbox 834 2795 883 2854; x_wconf 87' lang='lat' dir='ltr'>tui</span> <span class='ocrx_word' id='word_1_234' title='bbox 906 2795 1030 2853; x_wconf 90' lang='lat' dir='ltr'>Domini</span> <span class='ocrx_word' id='word_1_235' title='bbox 1052 2795 1148 2853; x_wconf 88' lang='lat' dir='ltr'>nostri</span> <span class='ocrx_word' id='word_1_236' title='bbox 1170 2796 1244 2853; x_wconf 89' lang='lat' dir='ltr'>Jesu</span> <span class='ocrx_word' id='word_1_237' title='bbox 1267 2794 1379 2854; x_wconf 78' lang='lat' dir='ltr'>Christi</span> 
     </span>
     <span class='ocr_line' id='line_1_30' title="bbox 185 2876 1379 2955; baseline -0.003 -19"><span class='ocrx_word' id='word_1_238' title='bbox 185 2878 231 2937; x_wconf 88' lang='lat' dir='ltr'>ita</span> <span class='ocrx_word' id='word_1_239' title='bbox 250 2879 337 2955; x_wconf 80' lang='lat' dir='ltr'>digne</span> <span class='ocrx_word' id='word_1_240' title='bbox 358 2895 481 2947; x_wconf 88' lang='lat' dir='ltr'>sumere,</span> <span class='ocrx_word' id='word_1_241' title='bbox 495 2880 532 2933; x_wconf 89' lang='lat' dir='ltr'>ut</span> <span class='ocrx_word' id='word_1_242' title='bbox 548 2895 662 2934; x_wconf 88' lang='lat' dir='ltr'>merear</span> <span class='ocrx_word' id='word_1_243' title='bbox 681 2895 734 2952; x_wconf 89' lang='lat' dir='ltr'>per</span> <span class='ocrx_word' id='word_1_244' title='bbox 753 2876 808 2934; x_wconf 92' lang='lat' dir='ltr'>hoc</span> <span class='ocrx_word' id='word_1_245' title='bbox 821 2876 1021 2934; x_wconf 88' lang='lat' dir='ltr'>remissionem</span> <span class='ocrx_word' id='word_1_246' title='bbox 1043 2883 1231 2953; x_wconf 88' lang='lat' dir='ltr'>peccatorum</span> <span class='ocrx_word' id='word_1_247' title='bbox 1245 2895 1379 2933; x_wconf 88' lang='lat' dir='ltr'>meorum</span> 
     </span>
     <span class='ocr_line' id='line_1_31' title="bbox 184 2955 1379 3036; baseline -0.003 -19"><span class='ocrx_word' id='word_1_248' title='bbox 184 2959 316 3036; x_wconf 85' lang='lat' dir='ltr'>accipere</span> <span class='ocrx_word' id='word_1_249' title='bbox 336 2964 367 3016; x_wconf 89' lang='lat' dir='ltr'>et</span> <span class='ocrx_word' id='word_1_250' title='bbox 386 2963 439 3015; x_wconf 88' lang='lat' dir='ltr'>tuo</span> <span class='ocrx_word' id='word_1_251' title='bbox 460 2955 569 3014; x_wconf 82' lang='lat' dir='ltr'>Sancto</span> <span class='ocrx_word' id='word_1_252' title='bbox 590 2956 704 3033; x_wconf 83' lang='lat' dir='ltr'>Spiritu</span> <span class='ocrx_word' id='word_1_253' title='bbox 724 2957 831 3034; x_wconf 88' lang='lat' dir='ltr'>repleri</span> <span class='ocrx_word' id='word_1_254' title='bbox 850 2963 881 3015; x_wconf 90' lang='lat' dir='ltr'>et</span> <span class='ocrx_word' id='word_1_255' title='bbox 897 2977 998 3033; x_wconf 87' lang='lat' dir='ltr'>pacem</span> <span class='ocrx_word' id='word_1_256' title='bbox 1012 2963 1095 3014; x_wconf 91' lang='lat' dir='ltr'>tuam</span> <span class='ocrx_word' id='word_1_257' title='bbox 1108 2957 1233 3030; x_wconf 80' lang='lat' dir='ltr'>habere3</span> <span class='ocrx_word' id='word_1_258' title='bbox 1272 2957 1323 3014; x_wconf 89' lang='lat' dir='ltr'>uia</span> <span class='ocrx_word' id='word_1_259' title='bbox 1341 2962 1379 3013; x_wconf 91' lang='lat' dir='ltr'>tu</span> 
     </span>
     <span class='ocr_line' id='line_1_32' title="bbox 183 3037 1379 3116; baseline -0.004 -17"><span class='ocrx_word' id='word_1_260' title='bbox 183 3060 217 3100; x_wconf 85' lang='lat' dir='ltr'>es</span> <span class='ocrx_word' id='word_1_261' title='bbox 238 3041 320 3098; x_wconf 89' lang='lat' dir='ltr'>Deus</span> <span class='ocrx_word' id='word_1_262' title='bbox 337 3045 369 3096; x_wconf 91' lang='grc'>00</span> <span class='ocrx_word' id='word_1_263' title='bbox 388 3042 497 3114; x_wconf 86' lang='lat' dir='ltr'>praeter</span> <span class='ocrx_word' id='word_1_264' title='bbox 517 3043 549 3095; x_wconf 90' lang='lat' dir='ltr'>te</span> <span class='ocrx_word' id='word_1_265' title='bbox 562 3057 623 3094; x_wconf 92' lang='lat' dir='ltr'>non</span> <span class='ocrx_word' id='word_1_266' title='bbox 641 3044 686 3095; x_wconf 89' lang='lat' dir='ltr'>est</span> <span class='ocrx_word' id='word_1_267' title='bbox 705 3037 788 3110; x_wconf 90' lang='lat' dir='ltr'>alius,</span> <span class='ocrx_word' id='word_1_268' title='bbox 805 3039 888 3113; x_wconf 90' lang='lat' dir='ltr'>cujus</span> <span class='ocrx_word' id='word_1_269' title='bbox 905 3057 1029 3114; x_wconf 87' lang='lat' dir='ltr'>regnum</span> <span class='ocrx_word' id='word_1_270' title='bbox 1046 3038 1204 3116; x_wconf 85' lang='lat' dir='ltr'>gloriosum</span> <span class='ocrx_word' id='word_1_271' title='bbox 1225 3043 1379 3114; x_wconf 87' lang='lat' dir='ltr'>permanet</span> 
     </span>
     <span class='ocr_line' id='line_1_33' title="bbox 185 3119 532 3180; baseline -0.014 1"><span class='ocrx_word' id='word_1_272' title='bbox 185 3122 219 3180; x_wconf 88' lang='lat' dir='ltr'>in</span> <span class='ocrx_word' id='word_1_273' title='bbox 232 3121 338 3180; x_wconf 86' lang='lat' dir='ltr'>saecula</span> <span class='ocrx_word' id='word_1_274' title='bbox 351 3119 532 3178; x_wconf 88' lang='lat' dir='ltr'>saeculorum.</span> 
     </span>
    </p>
   </div>
   <div class='ocr_carea' id='block_1_6' title="bbox 245 3216 649 3357">
    <p class='ocr_par' dir='ltr' id='par_1_19' title="bbox 245 3216 649 3357">
     <span class='ocr_line' id='line_1_34' title="bbox 246 3216 629 3293; baseline -0.005 -19"><span class='ocrx_word' id='word_1_275' title='bbox 246 3217 305 3276; x_wconf 84' lang='lat' dir='ltr'>Hic</span> <span class='ocrx_word' id='word_1_276' title='bbox 316 3237 378 3293; x_wconf 80' lang='lat' dir='ltr'>pac</span> <span class='ocrx_word' id='word_1_277' title='bbox 391 3216 477 3274; x_wconf 79' lang='lat' dir='ltr'>detor</span> <span class='ocrx_word' id='word_1_278' title='bbox 489 3216 610 3274; x_wconf 71' lang='lat' dir='ltr'>dicento</span> <span class='ocrx_word' id='word_1_279' title='bbox 620 3240 629 3274; x_wconf 94' lang='grc'>.·</span> 
     </span>
     <span class='ocr_line' id='line_1_35' title="bbox 245 3297 649 3357; baseline -0.007 0"><span class='ocrx_word' id='word_1_280' title='bbox 245 3299 313 3357; x_wconf 84' lang='lat' dir='ltr'>Pax</span> <span class='ocrx_word' id='word_1_281' title='bbox 326 3297 385 3356; x_wconf 88' lang='lat' dir='ltr'>tibi</span> <span class='ocrx_word' id='word_1_282' title='bbox 397 3302 429 3355; x_wconf 91' lang='grc'>00</span> <span class='ocrx_word' id='word_1_283' title='bbox 442 3297 569 3356; x_wconf 85' lang='lat' dir='ltr'>ecclesiae</span> <span class='ocrx_word' id='word_1_284' title='bbox 584 3297 649 3355; x_wconf 92' lang='lat' dir='ltr'>Dei.</span> 
     </span>
    </p>
   </div>
   <div class='ocr_carea' id='block_1_7' title="bbox 182 3394 1379 4518">
    <p class='ocr_par' dir='ltr' id='par_1_20' title="bbox 245 3394 801 3469">
     <span class='ocr_line' id='line_1_36' title="bbox 245 3394 801 3469; baseline -0.002 -16"><span class='ocrx_word' id='word_1_285' title='bbox 245 3396 318 3455; x_wconf 83' lang='lat' dir='ltr'>Post</span> <span class='ocrx_word' id='word_1_286' title='bbox 331 3395 411 3453; x_wconf 62' lang='lat' dir='ltr'>duct</span> <span class='ocrx_word' id='word_1_287' title='bbox 424 3394 569 3454; x_wconf 79' lang='lat' dir='ltr'>orationes</span> <span class='ocrx_word' id='word_1_288' title='bbox 582 3394 801 3469; x_wconf 71' lang='lat' dir='ltr'>sabaeqaeraea:</span> 
     </span>
    </p>

    <p class='ocr_par' dir='ltr' id='par_1_21' title="bbox 183 3472 1379 3958">
     <span class='ocr_line' id='line_1_37' title="bbox 245 3472 1379 3551; baseline -0.004 -16"><span class='ocrx_word' id='word_1_289' title='bbox 245 3477 329 3535; x_wconf 90' lang='lat' dir='ltr'>Deus</span> <span class='ocrx_word' id='word_1_290' title='bbox 352 3475 451 3546; x_wconf 88' lang='lat' dir='ltr'>Pater,</span> <span class='ocrx_word' id='word_1_291' title='bbox 465 3474 532 3533; x_wconf 87' lang='lat' dir='ltr'>fons</span> <span class='ocrx_word' id='word_1_292' title='bbox 546 3481 576 3533; x_wconf 91' lang='grc'>00</span> <span class='ocrx_word' id='word_1_293' title='bbox 592 3475 673 3551; x_wconf 82' lang='lat' dir='ltr'>origo</span> <span class='ocrx_word' id='word_1_294' title='bbox 695 3475 788 3532; x_wconf 87' lang='lat' dir='ltr'>totius</span> <span class='ocrx_word' id='word_1_295' title='bbox 807 3475 958 3548; x_wconf 89' lang='lat' dir='ltr'>bonitatis,</span> <span class='ocrx_word' id='word_1_296' title='bbox 979 3475 1032 3551; x_wconf 93' lang='lat' dir='ltr'>qui</span> <span class='ocrx_word' id='word_1_297' title='bbox 1051 3474 1159 3532; x_wconf 91' lang='lat' dir='ltr'>ductus</span> <span class='ocrx_word' id='word_1_298' title='bbox 1178 3472 1379 3532; x_wconf 76' lang='lat' dir='ltr'>misericordia</span> 
     </span>
     <span class='ocr_line' id='line_1_38' title="bbox 184 3554 1378 3634; baseline -0.005 -16"><span class='ocrx_word' id='word_1_299' title='bbox 184 3557 384 3634; x_wconf 81' lang='lat' dir='ltr'>Unigenitum</span> <span class='ocrx_word' id='word_1_300' title='bbox 396 3563 484 3614; x_wconf 90' lang='lat' dir='ltr'>tuum</span> <span class='ocrx_word' id='word_1_301' title='bbox 496 3575 550 3632; x_wconf 90' lang='lat' dir='ltr'>pro</span> <span class='ocrx_word' id='word_1_302' title='bbox 562 3557 647 3614; x_wconf 88' lang='lat' dir='ltr'>nobis</span> <span class='ocrx_word' id='word_1_303' title='bbox 660 3555 698 3613; x_wconf 88' lang='lat' dir='ltr'>ad</span> <span class='ocrx_word' id='word_1_304' title='bbox 710 3555 813 3613; x_wconf 86' lang='lat' dir='ltr'>infima</span> <span class='ocrx_word' id='word_1_305' title='bbox 825 3556 930 3613; x_wconf 88' lang='lat' dir='ltr'>mundi</span> <span class='ocrx_word' id='word_1_306' title='bbox 942 3554 1123 3628; x_wconf 88' lang='lat' dir='ltr'>descendere,</span> <span class='ocrx_word' id='word_1_307' title='bbox 1132 3573 1250 3613; x_wconf 90' lang='lat' dir='ltr'>carnem</span> <span class='ocrx_word' id='word_1_308' title='bbox 1262 3573 1378 3613; x_wconf 88' lang='lat' dir='ltr'>sumere</span> 
     </span>
     <span class='ocr_line' id='line_1_39' title="bbox 185 3635 1378 3714; baseline -0.003 -18"><span class='ocrx_word' id='word_1_309' title='bbox 185 3637 316 3710; x_wconf 87' lang='lat' dir='ltr'>voluisti,</span> <span class='ocrx_word' id='word_1_310' title='bbox 335 3656 425 3714; x_wconf 83' lang='lat' dir='ltr'>quam</span> <span class='ocrx_word' id='word_1_311' title='bbox 438 3655 492 3713; x_wconf 84' lang='lat' dir='ltr'>ego</span> <span class='ocrx_word' id='word_1_312' title='bbox 515 3636 655 3714; x_wconf 80' lang='lat' dir='ltr'>indignus</span> <span class='ocrx_word' id='word_1_313' title='bbox 672 3636 720 3695; x_wconf 92' lang='lat' dir='ltr'>hic</span> <span class='ocrx_word' id='word_1_314' title='bbox 733 3636 766 3693; x_wconf 91' lang='lat' dir='ltr'>in</span> <span class='ocrx_word' id='word_1_315' title='bbox 787 3637 922 3695; x_wconf 90' lang='lat' dir='ltr'>manibus</span> <span class='ocrx_word' id='word_1_316' title='bbox 935 3637 1009 3695; x_wconf 90' lang='lat' dir='ltr'>meis</span> <span class='ocrx_word' id='word_1_317' title='bbox 1021 3642 1117 3707; x_wconf 89' lang='lat' dir='ltr'>teneo,</span> <span class='ocrx_word' id='word_1_318' title='bbox 1132 3642 1162 3694; x_wconf 88' lang='lat' dir='ltr'>et</span> <span class='ocrx_word' id='word_1_319' title='bbox 1183 3642 1214 3693; x_wconf 92' lang='lat' dir='ltr'>te</span> <span class='ocrx_word' id='word_1_320' title='bbox 1234 3635 1332 3707; x_wconf 86' lang='lat' dir='ltr'>adoro,</span> <span class='ocrx_word' id='word_1_321' title='bbox 1346 3641 1378 3693; x_wconf 88' lang='lat' dir='ltr'>te</span> 
     </span>
     <span class='ocr_line' id='line_1_40' title="bbox 184 3716 1379 3797; baseline -0.003 -20"><span class='ocrx_word' id='word_1_322' title='bbox 184 3719 323 3797; x_wconf 79' lang='lat' dir='ltr'>glorifico,</span> <span class='ocrx_word' id='word_1_323' title='bbox 338 3724 369 3776; x_wconf 90' lang='lat' dir='ltr'>te</span> <span class='ocrx_word' id='word_1_324' title='bbox 382 3723 447 3776; x_wconf 80' lang='lat' dir='ltr'>tota</span> <span class='ocrx_word' id='word_1_325' title='bbox 459 3717 555 3776; x_wconf 90' lang='lat' dir='ltr'>cordis</span> <span class='ocrx_word' id='word_1_326' title='bbox 574 3717 740 3775; x_wconf 88' lang='lat' dir='ltr'>intentione</span> <span class='ocrx_word' id='word_1_327' title='bbox 752 3717 841 3775; x_wconf 87' lang='lat' dir='ltr'>laudo</span> <span class='ocrx_word' id='word_1_328' title='bbox 852 3738 862 3792; x_wconf 88' lang='lat'>;</span> <span class='ocrx_word' id='word_1_329' title='bbox 881 3725 913 3776; x_wconf 89' lang='lat' dir='ltr'>et</span> <span class='ocrx_word' id='word_1_330' title='bbox 925 3737 1034 3795; x_wconf 89' lang='lat' dir='ltr'>precor,</span> <span class='ocrx_word' id='word_1_331' title='bbox 1048 3723 1084 3775; x_wconf 89' lang='lat' dir='ltr'>ut</span> <span class='ocrx_word' id='word_1_332' title='bbox 1103 3736 1157 3774; x_wconf 86' lang='lat' dir='ltr'>nos</span> <span class='ocrx_word' id='word_1_333' title='bbox 1170 3716 1296 3774; x_wconf 85' lang='lat' dir='ltr'>famulos</span> <span class='ocrx_word' id='word_1_334' title='bbox 1308 3722 1379 3774; x_wconf 87' lang='lat' dir='ltr'>tuos</span> 
     </span>
     <span class='ocr_line' id='line_1_41' title="bbox 183 3797 1378 3876; baseline -0.003 -17"><span class='ocrx_word' id='word_1_335' title='bbox 183 3820 245 3859; x_wconf 90' lang='grc'>000</span> <span class='ocrx_word' id='word_1_336' title='bbox 266 3799 390 3871; x_wconf 82' lang='grc'><strong>(1000000,</strong></span> <span class='ocrx_word' id='word_1_337' title='bbox 414 3797 465 3856; x_wconf 90' lang='lat' dir='ltr'>sed</span> <span class='ocrx_word' id='word_1_338' title='bbox 488 3804 606 3875; x_wconf 83' lang='lat' dir='ltr'>peccata</span> <span class='ocrx_word' id='word_1_339' title='bbox 628 3803 730 3856; x_wconf 86' lang='lat' dir='ltr'>nostra</span> <span class='ocrx_word' id='word_1_340' title='bbox 750 3797 894 3868; x_wconf 86' lang='lat' dir='ltr'>dimittas,</span> <span class='ocrx_word' id='word_1_341' title='bbox 915 3805 1061 3876; x_wconf 86' lang='lat' dir='ltr'>quatenus</span> <span class='ocrx_word' id='word_1_342' title='bbox 1077 3798 1134 3856; x_wconf 90' lang='lat' dir='ltr'>tibi</span> <span class='ocrx_word' id='word_1_343' title='bbox 1152 3797 1208 3856; x_wconf 89' lang='lat' dir='ltr'>soli</span> <span class='ocrx_word' id='word_1_344' title='bbox 1227 3798 1292 3856; x_wconf 86' lang='lat' dir='ltr'>Deo</span> <span class='ocrx_word' id='word_1_345' title='bbox 1305 3797 1378 3856; x_wconf 86' lang='lat' dir='ltr'>vivo</span> 
     </span>
     <span class='ocr_line' id='line_1_42' title="bbox 183 3877 1165 3958; baseline -0.004 -18"><span class='ocrx_word' id='word_1_346' title='bbox 183 3901 259 3958; x_wconf 89' lang='lat' dir='ltr'>puro</span> <span class='ocrx_word' id='word_1_347' title='bbox 272 3880 358 3939; x_wconf 91' lang='lat' dir='ltr'>corde</span> <span class='ocrx_word' id='word_1_348' title='bbox 372 3885 404 3938; x_wconf 89' lang='lat' dir='ltr'>et</span> <span class='ocrx_word' id='word_1_349' title='bbox 416 3885 496 3936; x_wconf 82' lang='lat' dir='ltr'>casto</span> <span class='ocrx_word' id='word_1_350' title='bbox 509 3898 629 3956; x_wconf 90' lang='lat' dir='ltr'>corpore</span> <span class='ocrx_word' id='word_1_351' title='bbox 638 3879 748 3937; x_wconf 88' lang='lat' dir='ltr'>servire</span> <span class='ocrx_word' id='word_1_352' title='bbox 760 3877 918 3940; x_wconf 85' lang='lat' dir='ltr'>valeamus.</span> <span class='ocrx_word' id='word_1_353' title='bbox 961 3880 1020 3937; x_wconf 87' lang='lat' dir='ltr'>Per</span> <span class='ocrx_word' id='word_1_354' title='bbox 1032 3879 1165 3938; x_wconf 90' lang='lat' dir='ltr'>eundem.</span> 
     </span>
    </p>

    <p class='ocr_par' dir='ltr' id='par_1_22' title="bbox 182 3971 1377 4518">
     <span class='ocr_line' id='line_1_43' title="bbox 245 3971 1377 4050; baseline -0.003 -18"><span class='ocrx_word' id='word_1_355' title='bbox 245 3972 374 4032; x_wconf 87' lang='lat' dir='ltr'>Domine</span> <span class='ocrx_word' id='word_1_356' title='bbox 396 3972 418 4030; x_wconf 86' lang='lat' dir='ltr'>J</span> <span class='ocrx_word' id='word_1_357' title='bbox 420 3991 471 4030; x_wconf 88' lang='lat' dir='ltr'>esu</span> <span class='ocrx_word' id='word_1_358' title='bbox 494 3971 615 4045; x_wconf 75' lang='lat' dir='ltr'>Christi,</span> <span class='ocrx_word' id='word_1_359' title='bbox 636 3971 696 4028; x_wconf 83' lang='lat' dir='ltr'>Fili</span> <span class='ocrx_word' id='word_1_360' title='bbox 716 3971 774 4029; x_wconf 93' lang='lat' dir='ltr'>Dei</span> <span class='ocrx_word' id='word_1_361' title='bbox 793 3972 865 4045; x_wconf 86' lang='lat' dir='ltr'>vivi,</span> <span class='ocrx_word' id='word_1_362' title='bbox 888 3972 940 4050; x_wconf 92' lang='lat' dir='ltr'>qui</span> <span class='ocrx_word' id='word_1_363' title='bbox 962 3992 1000 4030; x_wconf 84' lang='lat' dir='ltr'>ex</span> <span class='ocrx_word' id='word_1_364' title='bbox 1026 3972 1180 4030; x_wconf 86' lang='lat' dir='ltr'>voluntate</span> <span class='ocrx_word' id='word_1_365' title='bbox 1201 3971 1308 4044; x_wconf 82' lang='lat' dir='ltr'>Patris,</span> <span class='ocrx_word' id='word_1_366' title='bbox 1321 3983 1377 4029; x_wconf 86' lang='grc'><strong>’00-</strong></span> 
     </span>
     <span class='ocr_line' id='line_1_44' title="bbox 182 4052 1377 4132; baseline -0.003 -18"><span class='ocrx_word' id='word_1_367' title='bbox 182 4059 324 4132; x_wconf 85' lang='lat' dir='ltr'>operante</span> <span class='ocrx_word' id='word_1_368' title='bbox 337 4053 452 4130; x_wconf 83' lang='lat' dir='ltr'>Spiritu</span> <span class='ocrx_word' id='word_1_369' title='bbox 472 4052 589 4125; x_wconf 79' lang='lat' dir='ltr'>Sancto,</span> <span class='ocrx_word' id='word_1_370' title='bbox 602 4071 656 4129; x_wconf 89' lang='lat' dir='ltr'>per</span> <span class='ocrx_word' id='word_1_371' title='bbox 675 4058 800 4126; x_wconf 87' lang='lat' dir='ltr'>mortem</span> <span class='ocrx_word' id='word_1_372' title='bbox 819 4059 903 4111; x_wconf 87' lang='lat' dir='ltr'>tuam</span> <span class='ocrx_word' id='word_1_373' title='bbox 922 4053 1067 4111; x_wconf 87' lang='lat' dir='ltr'>mundum</span> <span class='ocrx_word' id='word_1_374' title='bbox 1089 4052 1246 4110; x_wconf 86' lang='lat' dir='ltr'>vivificasti</span> <span class='ocrx_word' id='word_1_375' title='bbox 1254 4072 1264 4125; x_wconf 90' lang='lat'>;</span> <span class='ocrx_word' id='word_1_376' title='bbox 1283 4052 1377 4110; x_wconf 89' lang='lat' dir='ltr'>libera</span> 
     </span>
     <span class='ocr_line' id='line_1_45' title="bbox 183 4133 1377 4212; baseline -0.003 -19"><span class='ocrx_word' id='word_1_377' title='bbox 183 4155 239 4208; x_wconf 89' lang='lat' dir='ltr'>me,</span> <span class='ocrx_word' id='word_1_378' title='bbox 261 4154 314 4212; x_wconf 90' lang='lat' dir='ltr'>per</span> <span class='ocrx_word' id='word_1_379' title='bbox 333 4135 388 4194; x_wconf 89' lang='lat' dir='ltr'>hoc</span> <span class='ocrx_word' id='word_1_380' title='bbox 407 4153 522 4192; x_wconf 85' lang='lat' dir='ltr'>sacrum</span> <span class='ocrx_word' id='word_1_381' title='bbox 542 4153 648 4210; x_wconf 88' lang='lat' dir='ltr'>corpus</span> <span class='ocrx_word' id='word_1_382' title='bbox 667 4140 698 4192; x_wconf 87' lang='lat' dir='ltr'>et</span> <span class='ocrx_word' id='word_1_383' title='bbox 718 4134 889 4210; x_wconf 85' lang='lat' dir='ltr'>sanguinem</span> <span class='ocrx_word' id='word_1_384' title='bbox 908 4140 995 4192; x_wconf 88' lang='lat' dir='ltr'>tuum</span> <span class='ocrx_word' id='word_1_385' title='bbox 1008 4154 1026 4192; x_wconf 97' lang='grc'>0</span> <span class='ocrx_word' id='word_1_386' title='bbox 1039 4133 1153 4192; x_wconf 88' lang='lat' dir='ltr'>cunctis</span> <span class='ocrx_word' id='word_1_387' title='bbox 1166 4133 1377 4209; x_wconf 88' lang='lat' dir='ltr'>iniquitatibus</span> 
     </span>
     <span class='ocr_line' id='line_1_46' title="bbox 183 4213 1376 4291; baseline -0.003 -18"><span class='ocrx_word' id='word_1_388' title='bbox 183 4217 257 4274; x_wconf 88' lang='lat' dir='ltr'>meis</span> <span class='ocrx_word' id='word_1_389' title='bbox 271 4223 303 4275; x_wconf 92' lang='grc'>00</span> <span class='ocrx_word' id='word_1_390' title='bbox 314 4217 353 4274; x_wconf 90' lang='lat' dir='ltr'>ab</span> <span class='ocrx_word' id='word_1_391' title='bbox 366 4214 512 4273; x_wconf 84' lang='lat' dir='ltr'>universis</span> <span class='ocrx_word' id='word_1_392' title='bbox 525 4214 625 4287; x_wconf 80' lang='lat' dir='ltr'>maiis3</span> <span class='ocrx_word' id='word_1_393' title='bbox 644 4221 675 4272; x_wconf 88' lang='lat' dir='ltr'>et</span> <span class='ocrx_word' id='word_1_394' title='bbox 694 4214 739 4272; x_wconf 81' lang='lat' dir='ltr'>fac</span> <span class='ocrx_word' id='word_1_395' title='bbox 753 4215 873 4273; x_wconf 88' lang='lat' dir='ltr'>metuis</span> <span class='ocrx_word' id='word_1_396' title='bbox 886 4234 999 4291; x_wconf 91' lang='lat' dir='ltr'>semper</span> <span class='ocrx_word' id='word_1_397' title='bbox 1012 4213 1130 4272; x_wconf 88' lang='lat' dir='ltr'>obedire</span> <span class='ocrx_word' id='word_1_398' title='bbox 1142 4213 1297 4287; x_wconf 82' lang='lat' dir='ltr'>mandatis,</span> <span class='ocrx_word' id='word_1_399' title='bbox 1312 4218 1344 4271; x_wconf 92' lang='grc'>00</span> <span class='ocrx_word' id='word_1_400' title='bbox 1356 4232 1376 4270; x_wconf 88' lang='grc'>0</span> 
     </span>
     <span class='ocr_line' id='line_1_47' title="bbox 182 4293 1376 4374; baseline -0.003 -20"><span class='ocrx_word' id='word_1_401' title='bbox 182 4304 213 4354; x_wconf 89' lang='lat' dir='ltr'>te</span> <span class='ocrx_word' id='word_1_402' title='bbox 240 4315 394 4374; x_wconf 89' lang='lat' dir='ltr'>nunquam</span> <span class='ocrx_word' id='word_1_403' title='bbox 420 4295 453 4354; x_wconf 86' lang='lat' dir='ltr'>in</span> <span class='ocrx_word' id='word_1_404' title='bbox 470 4302 647 4373; x_wconf 87' lang='lat' dir='ltr'>perpetuum</span> <span class='ocrx_word' id='word_1_405' title='bbox 667 4296 795 4372; x_wconf 87' lang='lat' dir='ltr'>separari</span> <span class='ocrx_word' id='word_1_406' title='bbox 815 4297 979 4372; x_wconf 87' lang='lat' dir='ltr'>permittas,</span> <span class='ocrx_word' id='word_1_407' title='bbox 1001 4295 1139 4354; x_wconf 81' lang='lat' dir='ltr'>Salvator</span> <span class='ocrx_word' id='word_1_408' title='bbox 1158 4293 1271 4353; x_wconf 90' lang='lat' dir='ltr'>mundi.</span> <span class='ocrx_word' id='word_1_409' title='bbox 1314 4293 1376 4364; x_wconf 84' lang='lat' dir='ltr'>Qui</span> 
     </span>
     <span class='ocr_line' id='line_1_48' title="bbox 182 4374 1377 4454; baseline -0.003 -18"><span class='ocrx_word' id='word_1_410' title='bbox 182 4396 250 4436; x_wconf 87' lang='lat' dir='ltr'>cum</span> <span class='ocrx_word' id='word_1_411' title='bbox 263 4378 329 4437; x_wconf 91' lang='lat' dir='ltr'>Deo</span> <span class='ocrx_word' id='word_1_412' title='bbox 346 4377 437 4435; x_wconf 88' lang='lat' dir='ltr'>Patre</span> <span class='ocrx_word' id='word_1_413' title='bbox 451 4384 482 4436; x_wconf 91' lang='grc'>00</span> <span class='ocrx_word' id='word_1_414' title='bbox 495 4376 597 4436; x_wconf 91' lang='lat' dir='ltr'>eodem</span> <span class='ocrx_word' id='word_1_415' title='bbox 611 4375 725 4454; x_wconf 83' lang='lat' dir='ltr'>Spiritu</span> <span class='ocrx_word' id='word_1_416' title='bbox 740 4375 849 4436; x_wconf 83' lang='lat' dir='ltr'>Sancto</span> <span class='ocrx_word' id='word_1_417' title='bbox 861 4377 940 4436; x_wconf 79' lang='lat' dir='ltr'>rivis</span> <span class='ocrx_word' id='word_1_418' title='bbox 950 4383 981 4436; x_wconf 89' lang='lat' dir='ltr'>et</span> <span class='ocrx_word' id='word_1_419' title='bbox 994 4395 1099 4453; x_wconf 84' lang='lat' dir='ltr'>regnae</span> <span class='ocrx_word' id='word_1_420' title='bbox 1112 4375 1194 4435; x_wconf 89' lang='lat' dir='ltr'>Deus</span> <span class='ocrx_word' id='word_1_421' title='bbox 1207 4395 1260 4452; x_wconf 90' lang='lat' dir='ltr'>per</span> <span class='ocrx_word' id='word_1_422' title='bbox 1275 4374 1377 4434; x_wconf 81' lang='lat' dir='ltr'>omnia</span> 
     </span>
     <span class='ocr_line' id='line_1_49' title="bbox 182 4457 631 4518; baseline -0.004 0"><span class='ocrx_word' id='word_1_423' title='bbox 182 4457 289 4518; x_wconf 74' lang='lat' dir='ltr'>secus</span> <span class='ocrx_word' id='word_1_424' title='bbox 301 4459 481 4518; x_wconf 86' lang='lat' dir='ltr'>saeculorum.</span> <span class='ocrx_word' id='word_1_425' title='bbox 523 4458 631 4516; x_wconf 85' lang='lat' dir='ltr'>Amen.</span> 
     </span>
    </p>
   </div>
   <div class='ocr_carea' id='block_1_8' title="bbox 0 0 1478 5002">
    <p class='ocr_par' dir='ltr' id='par_1_23' title="bbox 0 0 1478 5002">
     <span class='ocr_line' id='line_1_50' title="bbox 0 0 1478 5002; baseline 0 2"><span class='ocrx_word' id='word_1_426' title='bbox 0 0 1478 5002; x_wconf 95' lang='lat' dir='ltr'> </span> 
     </span>
    </p>
   </div>
  </div>
 </body>
</html>
