<?xml version="1.0" encoding="UTF-8"?>
<!DOCTYPE html PUBLIC "-//W3C//DTD XHTML 1.0 Transitional//EN"
    "http://www.w3.org/TR/xhtml1/DTD/xhtml1-transitional.dtd">
<html xmlns="http://www.w3.org/1999/xhtml" xml:lang="en" lang="en">
 <head>
  <title>
</title>
<meta http-equiv="Content-Type" content="text/html;charset=utf-8" />
  <meta name='ocr-system' content='tesseract 3.04.00' />
  <meta name='ocr-capabilities' content='ocr_page ocr_carea ocr_par ocr_line ocrx_word'/>
</head>
<body>
  <div class='ocr_page' id='page_1' title='image "./missaleadusumin02churgoog_0037.png"; bbox 0 0 2946 5002; ppageno 0'>
   <div class='ocr_carea' id='block_1_1' title="bbox 110 256 885 369">
    <p class='ocr_par' dir='ltr' id='par_1_1' title="bbox 110 256 885 369">
     <span class='ocr_line' id='line_1_1' title="bbox 110 256 885 369; baseline -0.01 -3"><span class='ocrx_word' id='word_1_1' title='bbox 110 256 157 369; x_wconf 64' lang='lat' dir='ltr'><strong>ss</strong></span> <span class='ocrx_word' id='word_1_2' title='bbox 546 351 547 355; x_wconf 6' lang='grc' dir='ltr'>γ</span> <span class='ocrx_word' id='word_1_3' title='bbox 586 295 681 361; x_wconf 67' lang='lat' dir='ltr'><strong>aaa</strong></span> <span class='ocrx_word' id='word_1_4' title='bbox 702 292 885 360; x_wconf 66' lang='lat' dir='ltr'><strong>raccant..</strong></span> 
     </span>
    </p>
   </div>
   <div class='ocr_carea' id='block_1_2' title="bbox 133 462 1335 1008">
    <p class='ocr_par' dir='ltr' id='par_1_2' title="bbox 197 462 837 524">
     <span class='ocr_line' id='line_1_2' title="bbox 197 462 837 524; baseline -0.005 -1"><span class='ocrx_word' id='word_1_5' title='bbox 197 462 380 524; x_wconf 70' lang='lat' dir='ltr'><strong>Cessetania.</strong></span> <span class='ocrx_word' id='word_1_6' title='bbox 836 515 837 520; x_wconf 75' lang='grc'>,</span> 
     </span>
    </p>

    <p class='ocr_par' dir='ltr' id='par_1_3' title="bbox 133 537 1331 701">
     <span class='ocr_line' id='line_1_3' title="bbox 195 537 1331 620; baseline -0.008 -18"><span class='ocrx_word' id='word_1_7' title='bbox 195 545 286 602; x_wconf 90' lang='lat' dir='ltr'><strong>Mitte</strong></span> <span class='ocrx_word' id='word_1_8' title='bbox 299 563 422 602; x_wconf 91' lang='lat' dir='ltr'><strong>manum</strong></span> <span class='ocrx_word' id='word_1_9' title='bbox 434 549 519 602; x_wconf 86' lang='lat' dir='ltr'><strong>tuam</strong></span> <span class='ocrx_word' id='word_1_10' title='bbox 532 550 563 601; x_wconf 90' lang='lat' dir='ltr'><strong>et</strong></span> <span class='ocrx_word' id='word_1_11' title='bbox 577 563 715 620; x_wconf 83' lang='lat' dir='ltr'>cognosce</span> <span class='ocrx_word' id='word_1_12' title='bbox 736 543 799 600; x_wconf 88' lang='lat' dir='ltr'><strong>loca</strong></span> <span class='ocrx_word' id='word_1_13' title='bbox 813 541 971 614; x_wconf 86' lang='lat' dir='ltr'><strong>clavorum,</strong></span> <span class='ocrx_word' id='word_1_14' title='bbox 986 538 1132 617; x_wconf 66' lang='lat' dir='ltr'><strong>alleluya:</strong></span> <span class='ocrx_word' id='word_1_15' title='bbox 1153 544 1185 595; x_wconf 90' lang='lat' dir='ltr'><strong>et</strong></span> <span class='ocrx_word' id='word_1_16' title='bbox 1197 537 1261 594; x_wconf 93' lang='lat' dir='ltr'><strong>noli</strong></span> <span class='ocrx_word' id='word_1_17' title='bbox 1274 555 1331 594; x_wconf 85' lang='lat' dir='ltr'><strong>esse</strong></span> 
     </span>
     <span class='ocr_line' id='line_1_4' title="bbox 133 614 1093 701; baseline -0.005 -18"><span class='ocrx_word' id='word_1_18' title='bbox 133 624 303 683; x_wconf 89' lang='lat' dir='ltr'><strong>incredulus</strong></span> <span class='ocrx_word' id='word_1_19' title='bbox 317 627 368 683; x_wconf 91' lang='lat' dir='ltr'><strong>sed</strong></span> <span class='ocrx_word' id='word_1_20' title='bbox 381 625 483 696; x_wconf 88' lang='lat' dir='ltr'><strong>fidelis,</strong></span> <span class='ocrx_word' id='word_1_21' title='bbox 497 625 634 701; x_wconf 82' lang='lat' dir='ltr'><strong>alleluya,</strong></span> <span class='ocrx_word' id='word_1_22' title='bbox 649 624 785 700; x_wconf 81' lang='lat' dir='ltr'><strong>alleluya.</strong></span> <span class='ocrx_word' id='word_1_23' title='bbox 1088 614 1093 625; x_wconf 61' lang='lat'><strong>¹</strong></span> 
     </span>
    </p>

    <p class='ocr_par' dir='ltr' id='par_1_4' title="bbox 195 707 437 765">
     <span class='ocr_line' id='line_1_5' title="bbox 195 707 437 765; baseline 0 -1"><span class='ocrx_word' id='word_1_24' title='bbox 195 707 437 765; x_wconf 78' lang='lat' dir='ltr'><strong>Poctconnnunr&#39;o.</strong></span> 
     </span>
    </p>

    <p class='ocr_par' dir='ltr' id='par_1_5' title="bbox 134 786 1335 1008">
     <span class='ocr_line' id='line_1_6' title="bbox 195 786 1334 864; baseline -0.008 -19"><span class='ocrx_word' id='word_1_25' title='bbox 195 787 352 860; x_wconf 74' lang='lat' dir='ltr'><strong>Conserva,</strong></span> <span class='ocrx_word' id='word_1_26' title='bbox 367 787 505 857; x_wconf 89' lang='lat' dir='ltr'><strong>Domine,</strong></span> <span class='ocrx_word' id='word_1_27' title='bbox 518 786 662 864; x_wconf 91' lang='lat' dir='ltr'><strong>populum</strong></span> <span class='ocrx_word' id='word_1_28' title='bbox 675 793 771 855; x_wconf 86' lang='lat' dir='ltr'><strong>tuum,</strong></span> <span class='ocrx_word' id='word_1_29' title='bbox 787 791 817 842; x_wconf 93' lang='lat' dir='ltr'><strong>et</strong></span> <span class='ocrx_word' id='word_1_30' title='bbox 830 803 918 860; x_wconf 92' lang='lat' dir='ltr'><strong>quem</strong></span> <span class='ocrx_word' id='word_1_31' title='bbox 938 788 1107 841; x_wconf 83' lang='lat' dir='ltr'><strong>sanctorum</strong></span> <span class='ocrx_word' id='word_1_32' title='bbox 1128 787 1249 839; x_wconf 85' lang='lat' dir='ltr'><strong>tuorum</strong></span> <span class='ocrx_word' id='word_1_33' title='bbox 1264 799 1334 856; x_wconf 83' lang='lat' dir='ltr'><strong>prae-</strong></span> 
     </span>
     <span class='ocr_line' id='line_1_7' title="bbox 134 861 1335 944; baseline -0.006 -20"><span class='ocrx_word' id='word_1_34' title='bbox 134 867 217 925; x_wconf 78' lang='lat' dir='ltr'><strong>cidiis</strong></span> <span class='ocrx_word' id='word_1_35' title='bbox 239 888 300 926; x_wconf 90' lang='lat' dir='ltr'><strong>non</strong></span> <span class='ocrx_word' id='word_1_36' title='bbox 324 869 433 926; x_wconf 90' lang='lat' dir='ltr'><strong>desinis</strong></span> <span class='ocrx_word' id='word_1_37' title='bbox 457 869 608 944; x_wconf 86' lang='lat' dir='ltr'><strong>adjuvare,</strong></span> <span class='ocrx_word' id='word_1_38' title='bbox 631 866 782 944; x_wconf 89' lang='lat' dir='ltr'><strong>perpetuis</strong></span> <span class='ocrx_word' id='word_1_39' title='bbox 803 866 902 923; x_wconf 89' lang='lat' dir='ltr'><strong>tribue</strong></span> <span class='ocrx_word' id='word_1_40' title='bbox 923 866 1052 943; x_wconf 86' lang='lat' dir='ltr'><strong>gaudere</strong></span> <span class='ocrx_word' id='word_1_41' title='bbox 1078 863 1222 920; x_wconf 86' lang='lat' dir='ltr'><strong>remediis.</strong></span> <span class='ocrx_word' id='word_1_42' title='bbox 1278 861 1335 918; x_wconf 89' lang='lat' dir='ltr'><strong>Per</strong></span> 
     </span>
     <span class='ocr_line' id='line_1_8' title="bbox 135 948 309 1008; baseline 0.006 -1"><span class='ocrx_word' id='word_1_43' title='bbox 135 948 309 1008; x_wconf 90' lang='lat' dir='ltr'><strong>Dominum.</strong></span> 
     </span>
    </p>
   </div>
   <div class='ocr_carea' id='block_1_3' title="bbox 224 1091 1247 1174">
    <p class='ocr_par' dir='ltr' id='par_1_6' title="bbox 224 1091 1247 1174">
     <span class='ocr_line' id='line_1_9' title="bbox 224 1091 1247 1174; baseline -0.011 -13"><span class='ocrx_word' id='word_1_44' title='bbox 224 1103 336 1161; x_wconf 72' lang='lat' dir='ltr'><strong>sinon</strong></span> <span class='ocrx_word' id='word_1_45' title='bbox 357 1102 527 1174; x_wconf 84' lang='lat' dir='ltr'><strong>Srnvnsrnr,</strong></span> <span class='ocrx_word' id='word_1_46' title='bbox 550 1116 635 1158; x_wconf 74' lang='lat' dir='ltr'><strong>Parra</strong></span> <span class='ocrx_word' id='word_1_47' title='bbox 655 1117 693 1157; x_wconf 85' lang='lat' dir='ltr'><strong>nr</strong></span> <span class='ocrx_word' id='word_1_48' title='bbox 713 1114 919 1174; x_wconf 78' lang='lat' dir='ltr'><strong>cournssonrs</strong></span> <span class='ocrx_word' id='word_1_49' title='bbox 964 1095 1058 1174; x_wconf 86' lang='lat' dir='ltr'><strong>(Prid.</strong></span> <span class='ocrx_word' id='word_1_50' title='bbox 1077 1094 1147 1152; x_wconf 84' lang='lat' dir='ltr'><strong>Kal.</strong></span> <span class='ocrx_word' id='word_1_51' title='bbox 1162 1091 1247 1171; x_wconf 83' lang='lat' dir='ltr'><strong>Jan.)</strong></span> 
     </span>
    </p>
   </div>
   <div class='ocr_carea' id='block_1_4' title="bbox 117 1217 1338 1698">
    <p class='ocr_par' dir='ltr' id='par_1_7' title="bbox 117 1217 620 1358">
     <span class='ocr_line' id='line_1_10' title="bbox 198 1217 620 1294; baseline -0.007 -17"><span class='ocrx_word' id='word_1_52' title='bbox 198 1217 338 1294; x_wconf 81' lang='lat' dir='ltr'><strong>Officium.</strong></span> <span class='ocrx_word' id='word_1_53' title='bbox 381 1219 553 1275; x_wconf 69' lang='lat' dir='ltr'><strong>Sacerdotes</strong></span> <span class='ocrx_word' id='word_1_54' title='bbox 566 1217 620 1275; x_wconf 88' lang='lat' dir='ltr'><strong>tui.</strong></span> 
     </span>
     <span class='ocr_line' id='line_1_11' title="bbox 117 1297 308 1358; baseline -0.005 0"><span class='ocrx_word' id='word_1_55' title='bbox 117 1297 118 1300; x_wconf 45' lang='lat'>&#39;</span> <span class='ocrx_word' id='word_1_56' title='bbox 198 1299 308 1358; x_wconf 74' lang='lat' dir='ltr'><strong>Oratio,</strong></span> 
     </span>
    </p>

    <p class='ocr_par' dir='ltr' id='par_1_8' title="bbox 133 1368 1338 1600">
     <span class='ocr_line' id='line_1_12' title="bbox 195 1368 1338 1456; baseline -0.006 -19"><span class='ocrx_word' id='word_1_57' title='bbox 195 1379 252 1450; x_wconf 88' lang='lat' dir='ltr'><strong>Da,</strong></span> <span class='ocrx_word' id='word_1_58' title='bbox 267 1398 443 1456; x_wconf 83' lang='lat' dir='ltr'><strong>quaesumus,</strong></span> <span class='ocrx_word' id='word_1_59' title='bbox 457 1379 643 1455; x_wconf 89' lang='lat' dir='ltr'><strong>omnipotens</strong></span> <span class='ocrx_word' id='word_1_60' title='bbox 668 1378 759 1449; x_wconf 85' lang='lat' dir='ltr'><strong>Deus,</strong></span> <span class='ocrx_word' id='word_1_61' title='bbox 781 1383 817 1434; x_wconf 91' lang='lat' dir='ltr'><strong>ut</strong></span> <span class='ocrx_word' id='word_1_62' title='bbox 837 1375 918 1435; x_wconf 86' lang='lat' dir='ltr'><strong>beati</strong></span> <span class='ocrx_word' id='word_1_63' title='bbox 942 1375 1078 1433; x_wconf 82' lang='lat' dir='ltr'><strong>Silvestri</strong></span> <span class='ocrx_word' id='word_1_64' title='bbox 1099 1371 1271 1432; x_wconf 86' lang='lat' dir='ltr'><strong>confessoris</strong></span> <span class='ocrx_word' id='word_1_65' title='bbox 1290 1368 1338 1430; x_wconf 85' lang='lat' dir='ltr'><strong>tui</strong></span> 
     </span>
     <span class='ocr_line' id='line_1_13' title="bbox 133 1455 1336 1538; baseline -0.009 -19"><span class='ocrx_word' id='word_1_66' title='bbox 133 1466 224 1537; x_wconf 86' lang='lat' dir='ltr'><strong>atque</strong></span> <span class='ocrx_word' id='word_1_67' title='bbox 247 1461 395 1538; x_wconf 88' lang='lat' dir='ltr'><strong>pontificis</strong></span> <span class='ocrx_word' id='word_1_68' title='bbox 417 1461 585 1517; x_wconf 81' lang='lat' dir='ltr'><strong>veneranda</strong></span> <span class='ocrx_word' id='word_1_69' title='bbox 609 1460 792 1517; x_wconf 78' lang='lat' dir='ltr'><strong>sollemnitas</strong></span> <span class='ocrx_word' id='word_1_70' title='bbox 812 1464 843 1515; x_wconf 91' lang='lat' dir='ltr'><strong>et</strong></span> <span class='ocrx_word' id='word_1_71' title='bbox 863 1458 1051 1516; x_wconf 86' lang='lat' dir='ltr'><strong>devotionem</strong></span> <span class='ocrx_word' id='word_1_72' title='bbox 1071 1455 1158 1513; x_wconf 88' lang='lat' dir='ltr'><strong>nobis</strong></span> <span class='ocrx_word' id='word_1_73' title='bbox 1177 1458 1285 1529; x_wconf 85' lang='lat' dir='ltr'><strong>augeat</strong></span> <span class='ocrx_word' id='word_1_74' title='bbox 1305 1457 1336 1509; x_wconf 89' lang='lat' dir='ltr'><strong>et</strong></span> 
     </span>
     <span class='ocr_line' id='line_1_14' title="bbox 134 1542 379 1600; baseline -0.008 0"><span class='ocrx_word' id='word_1_75' title='bbox 134 1543 269 1600; x_wconf 83' lang='lat' dir='ltr'><strong>salutem.</strong></span> <span class='ocrx_word' id='word_1_76' title='bbox 313 1542 379 1598; x_wconf 89' lang='lat' dir='ltr'><strong>Per.</strong></span> 
     </span>
    </p>

    <p class='ocr_par' dir='ltr' id='par_1_9' title="bbox 194 1622 748 1698">
     <span class='ocr_line' id='line_1_15' title="bbox 194 1622 748 1698; baseline -0.004 -18"><span class='ocrx_word' id='word_1_77' title='bbox 194 1622 336 1698; x_wconf 78' lang='lat' dir='ltr'><strong>Epistola.</strong></span> <span class='ocrx_word' id='word_1_78' title='bbox 379 1622 456 1679; x_wconf 80' lang='lat' dir='ltr'><strong>Ecce</strong></span> <span class='ocrx_word' id='word_1_79' title='bbox 469 1622 602 1678; x_wconf 87' lang='lat' dir='ltr'><strong>sacerdos</strong></span> <span class='ocrx_word' id='word_1_80' title='bbox 616 1641 748 1698; x_wconf 82' lang='lat' dir='ltr'><strong>magnus.</strong></span> 
     </span>
    </p>
   </div>
   <div class='ocr_carea' id='block_1_5' title="bbox 134 1702 1338 2912">
    <p class='ocr_par' dir='ltr' id='par_1_10' title="bbox 197 1702 605 1762">
     <span class='ocr_line' id='line_1_16' title="bbox 197 1702 605 1762; baseline -0.005 -1"><span class='ocrx_word' id='word_1_81' title='bbox 197 1703 331 1762; x_wconf 70' lang='lat' dir='ltr'><strong>Grcdcl.</strong></span> <span class='ocrx_word' id='word_1_82' title='bbox 375 1703 450 1760; x_wconf 84' lang='lat' dir='ltr'><strong>Ecce</strong></span> <span class='ocrx_word' id='word_1_83' title='bbox 464 1702 605 1759; x_wconf 87' lang='lat' dir='ltr'><strong>sacerdos.</strong></span> 
     </span>
    </p>

    <p class='ocr_par' dir='ltr' id='par_1_11' title="bbox 195 1781 677 1860">
     <span class='ocr_line' id='line_1_17' title="bbox 195 1781 677 1860; baseline 0 -19"><span class='ocrx_word' id='word_1_84' title='bbox 195 1784 344 1860; x_wconf 85' lang='lat' dir='ltr'><strong>Alleluya.</strong></span> <span class='ocrx_word' id='word_1_85' title='bbox 395 1783 555 1841; x_wconf 88' lang='lat' dir='ltr'><strong>V.Inveni</strong></span> <span class='ocrx_word' id='word_1_86' title='bbox 569 1781 677 1841; x_wconf 84' lang='lat' dir='ltr'><strong>David.</strong></span> 
     </span>
    </p>

    <p class='ocr_par' dir='ltr' id='par_1_12' title="bbox 136 1857 1336 2026">
     <span class='ocr_line' id='line_1_18' title="bbox 195 1857 1336 1945; baseline -0.008 -22"><span class='ocrx_word' id='word_1_87' title='bbox 195 1863 371 1945; x_wconf 79' lang='lat' dir='ltr'><strong>[Sequentia.</strong></span> <span class='ocrx_word' id='word_1_88' title='bbox 411 1864 499 1922; x_wconf 86' lang='lat' dir='ltr'><strong>MSS.</strong></span> <span class='ocrx_word' id='word_1_89' title='bbox 517 1864 546 1921; x_wconf 91' lang='lat' dir='ltr'>D</span> <span class='ocrx_word' id='word_1_90' title='bbox 561 1866 586 1922; x_wconf 80' lang='lat' dir='ltr'><strong>dr</strong></span> <span class='ocrx_word' id='word_1_91' title='bbox 600 1862 790 1924; x_wconf 85' lang='lat' dir='ltr'><strong>F.—Adeste</strong></span> <span class='ocrx_word' id='word_1_92' title='bbox 805 1862 899 1936; x_wconf 75' lang='lat' dir='ltr'><strong>nobie,</strong></span> <span class='ocrx_word' id='word_1_93' title='bbox 914 1862 948 1918; x_wconf 82' lang='lat' dir='ltr'><strong>in</strong></span> <span class='ocrx_word' id='word_1_94' title='bbox 963 1858 1129 1920; x_wconf 78' lang='lat' dir='ltr'><em>Communi.</em></span> <span class='ocrx_word' id='word_1_95' title='bbox 1173 1857 1238 1916; x_wconf 92' lang='lat' dir='ltr'><strong>MS.</strong></span> <span class='ocrx_word' id='word_1_96' title='bbox 1254 1857 1336 1915; x_wconf 76' lang='lat' dir='ltr'><strong>A.-</strong></span> 
     </span>
     <span class='ocr_line' id='line_1_19' title="bbox 136 1943 312 2026; baseline -0.017 -21"><span class='ocrx_word' id='word_1_97' title='bbox 136 1943 312 2026; x_wconf 85' lang='lat' dir='ltr'><strong>Organicis.]</strong></span> 
     </span>
    </p>

    <p class='ocr_par' dir='ltr' id='par_1_13' title="bbox 194 2025 819 2103">
     <span class='ocr_line' id='line_1_20' title="bbox 194 2025 819 2103; baseline -0.003 -19"><span class='ocrx_word' id='word_1_98' title='bbox 194 2027 396 2102; x_wconf 73' lang='lat' dir='ltr'><strong>Evcnqelc&#39;um.</strong></span> <span class='ocrx_word' id='word_1_99' title='bbox 440 2025 542 2084; x_wconf 91' lang='lat' dir='ltr'>Homo</span> <span class='ocrx_word' id='word_1_100' title='bbox 556 2026 678 2103; x_wconf 88' lang='lat' dir='ltr'><strong>quidam</strong></span> <span class='ocrx_word' id='word_1_101' title='bbox 690 2045 819 2103; x_wconf 82' lang='lat' dir='ltr'><strong>peregre.</strong></span> 
     </span>
    </p>

    <p class='ocr_par' dir='ltr' id='par_1_14' title="bbox 197 2109 300 2166">
     <span class='ocr_line' id='line_1_21' title="bbox 197 2109 300 2166; baseline 0 0"><span class='ocrx_word' id='word_1_102' title='bbox 197 2109 300 2166; x_wconf 74' lang='lat' dir='ltr'><strong>Credo,</strong></span> 
     </span>
    </p>

    <p class='ocr_par' dir='ltr' id='par_1_15' title="bbox 197 2187 666 2262">
     <span class='ocr_line' id='line_1_22' title="bbox 197 2187 666 2262; baseline -0.004 -16"><span class='ocrx_word' id='word_1_103' title='bbox 197 2187 389 2262; x_wconf 80' lang='lat' dir='ltr'><strong>Qffertcrium.</strong></span> <span class='ocrx_word' id='word_1_104' title='bbox 434 2188 544 2245; x_wconf 84' lang='lat' dir='ltr'><strong>Inveni</strong></span> <span class='ocrx_word' id='word_1_105' title='bbox 558 2187 666 2244; x_wconf 86' lang='lat' dir='ltr'><strong>David.</strong></span> 
     </span>
    </p>

    <p class='ocr_par' dir='ltr' id='par_1_16' title="bbox 196 2269 317 2328">
     <span class='ocr_line' id='line_1_23' title="bbox 196 2269 317 2328; baseline -0.017 -1"><span class='ocrx_word' id='word_1_106' title='bbox 196 2269 317 2328; x_wconf 80' lang='lat' dir='ltr'><strong>Secreto.</strong></span> 
     </span>
    </p>

    <p class='ocr_par' dir='ltr' id='par_1_17' title="bbox 134 2344 1336 2505">
     <span class='ocr_line' id='line_1_24' title="bbox 196 2344 1336 2425; baseline -0.007 -18"><span class='ocrx_word' id='word_1_107' title='bbox 196 2351 298 2408; x_wconf 81' lang='lat' dir='ltr'><strong>Sancti</strong></span> <span class='ocrx_word' id='word_1_108' title='bbox 312 2348 358 2407; x_wconf 85' lang='lat' dir='ltr'><strong>tui</strong></span> <span class='ocrx_word' id='word_1_109' title='bbox 371 2368 433 2421; x_wconf 89' lang='lat' dir='ltr'><strong>nos,</strong></span> <span class='ocrx_word' id='word_1_110' title='bbox 449 2368 625 2425; x_wconf 88' lang='lat' dir='ltr'><strong>quaesumus,</strong></span> <span class='ocrx_word' id='word_1_111' title='bbox 641 2347 779 2420; x_wconf 84' lang='lat' dir='ltr'><strong>Domine,</strong></span> <span class='ocrx_word' id='word_1_112' title='bbox 793 2346 904 2423; x_wconf 89' lang='lat' dir='ltr'><strong>ubique</strong></span> <span class='ocrx_word' id='word_1_113' title='bbox 917 2346 1076 2416; x_wconf 82' lang='lat' dir='ltr'><strong>laetificent,</strong></span> <span class='ocrx_word' id='word_1_114' title='bbox 1092 2351 1136 2416; x_wconf 87' lang='lat' dir='ltr'><strong>ut,</strong></span> <span class='ocrx_word' id='word_1_115' title='bbox 1151 2344 1223 2401; x_wconf 91' lang='lat' dir='ltr'><strong>dum</strong></span> <span class='ocrx_word' id='word_1_116' title='bbox 1236 2362 1336 2401; x_wconf 93' lang='lat' dir='ltr'><strong>eorum</strong></span> 
     </span>
     <span class='ocr_line' id='line_1_25' title="bbox 134 2427 1072 2505; baseline -0.005 -16"><span class='ocrx_word' id='word_1_117' title='bbox 134 2432 241 2490; x_wconf 87' lang='lat' dir='ltr'><strong>merita</strong></span> <span class='ocrx_word' id='word_1_118' title='bbox 255 2430 420 2499; x_wconf 90' lang='lat' dir='ltr'><strong>recolimus,</strong></span> <span class='ocrx_word' id='word_1_119' title='bbox 435 2429 601 2505; x_wconf 86' lang='lat' dir='ltr'><strong>patrocinia</strong></span> <span class='ocrx_word' id='word_1_120' title='bbox 614 2429 785 2488; x_wconf 76' lang='lat' dir='ltr'><strong>sentiamus.</strong></span> <span class='ocrx_word' id='word_1_121' title='bbox 828 2428 888 2486; x_wconf 91' lang='lat' dir='ltr'><strong>Per</strong></span> <span class='ocrx_word' id='word_1_122' title='bbox 901 2427 1072 2484; x_wconf 90' lang='lat' dir='ltr'><strong>Dominum.</strong></span> 
     </span>
    </p>

    <p class='ocr_par' dir='ltr' id='par_1_18' title="bbox 196 2510 705 2586">
     <span class='ocr_line' id='line_1_26' title="bbox 196 2510 705 2586; baseline -0.004 -18"><span class='ocrx_word' id='word_1_123' title='bbox 196 2511 347 2586; x_wconf 77' lang='lat' dir='ltr'><strong>Praefatio.</strong></span> <span class='ocrx_word' id='word_1_124' title='bbox 391 2511 469 2580; x_wconf 82' lang='lat' dir='ltr'><strong>Quia</strong></span> <span class='ocrx_word' id='word_1_125' title='bbox 482 2530 536 2586; x_wconf 89' lang='lat' dir='ltr'><strong>per</strong></span> <span class='ocrx_word' id='word_1_126' title='bbox 550 2510 705 2567; x_wconf 86' lang='lat' dir='ltr'><strong>incarnati.</strong></span> 
     </span>
    </p>

    <p class='ocr_par' dir='ltr' id='par_1_19' title="bbox 199 2592 655 2652">
     <span class='ocr_line' id='line_1_27' title="bbox 199 2592 655 2652; baseline -0.009 0"><span class='ocrx_word' id='word_1_127' title='bbox 199 2592 377 2652; x_wconf 76' lang='lat' dir='ltr'><strong>Communia</strong></span> <span class='ocrx_word' id='word_1_128' title='bbox 421 2593 532 2649; x_wconf 88' lang='lat' dir='ltr'><strong>Beatus</strong></span> <span class='ocrx_word' id='word_1_129' title='bbox 546 2611 655 2648; x_wconf 84' lang='lat' dir='ltr'><strong>servus</strong></span> 
     </span>
    </p>

    <p class='ocr_par' dir='ltr' id='par_1_20' title="bbox 197 2672 440 2731">
     <span class='ocr_line' id='line_1_28' title="bbox 197 2672 440 2731; baseline 0 -1"><span class='ocrx_word' id='word_1_130' title='bbox 197 2672 440 2731; x_wconf 81' lang='lat' dir='ltr'><strong>Postcommunio.</strong></span> 
     </span>
    </p>

    <p class='ocr_par' dir='ltr' id='par_1_21' title="bbox 136 2747 1338 2912">
     <span class='ocr_line' id='line_1_29' title="bbox 197 2747 1338 2829; baseline -0.005 -18"><span class='ocrx_word' id='word_1_131' title='bbox 197 2754 318 2825; x_wconf 82' lang='lat' dir='ltr'><strong>Praesta,</strong></span> <span class='ocrx_word' id='word_1_132' title='bbox 342 2772 518 2829; x_wconf 86' lang='lat' dir='ltr'><strong>quaesumus,</strong></span> <span class='ocrx_word' id='word_1_133' title='bbox 544 2753 731 2828; x_wconf 89' lang='lat' dir='ltr'><strong>omnipotens</strong></span> <span class='ocrx_word' id='word_1_134' title='bbox 752 2751 843 2823; x_wconf 87' lang='lat' dir='ltr'><strong>Deus,</strong></span> <span class='ocrx_word' id='word_1_135' title='bbox 866 2757 902 2810; x_wconf 90' lang='lat' dir='ltr'><strong>ut</strong></span> <span class='ocrx_word' id='word_1_136' title='bbox 924 2750 961 2809; x_wconf 89' lang='lat' dir='ltr'><strong>de</strong></span> <span class='ocrx_word' id='word_1_137' title='bbox 985 2748 1140 2826; x_wconf 82' lang='lat' dir='ltr'><strong>praeceptis</strong></span> <span class='ocrx_word' id='word_1_138' title='bbox 1166 2747 1338 2806; x_wconf 88' lang='lat' dir='ltr'><strong>muneribus</strong></span> 
     </span>
     <span class='ocr_line' id='line_1_30' title="bbox 136 2833 1179 2912; baseline -0.004 -20"><span class='ocrx_word' id='word_1_139' title='bbox 136 2835 247 2912; x_wconf 80' lang='lat' dir='ltr'><strong>gratias</strong></span> <span class='ocrx_word' id='word_1_140' title='bbox 261 2835 435 2892; x_wconf 85' lang='lat' dir='ltr'><strong>exhibentes</strong></span> <span class='ocrx_word' id='word_1_141' title='bbox 448 2835 591 2891; x_wconf 86' lang='lat' dir='ltr'><strong>beneficia</strong></span> <span class='ocrx_word' id='word_1_142' title='bbox 604 2836 721 2910; x_wconf 86' lang='lat' dir='ltr'><strong>potiora</strong></span> <span class='ocrx_word' id='word_1_143' title='bbox 734 2854 891 2891; x_wconf 86' lang='lat' dir='ltr'><strong>sumamus.</strong></span> <span class='ocrx_word' id='word_1_144' title='bbox 935 2833 994 2890; x_wconf 91' lang='lat' dir='ltr'><strong>Per</strong></span> <span class='ocrx_word' id='word_1_145' title='bbox 1008 2833 1179 2889; x_wconf 90' lang='lat' dir='ltr'><strong>Dominum.</strong></span> 
     </span>
    </p>
   </div>
   <div class='ocr_carea' id='block_1_6' title="bbox 339 3005 1136 3084">
    <p class='ocr_par' dir='ltr' id='par_1_22' title="bbox 339 3005 1136 3084">
     <span class='ocr_line' id='line_1_31' title="bbox 339 3005 1136 3084; baseline -0.005 -18"><span class='ocrx_word' id='word_1_146' title='bbox 339 3008 450 3066; x_wconf 72' lang='lat' dir='ltr'><strong>Ssucrr</strong></span> <span class='ocrx_word' id='word_1_147' title='bbox 472 3008 605 3081; x_wconf 81' lang='lat' dir='ltr'><strong>anrors,</strong></span> <span class='ocrx_word' id='word_1_148' title='bbox 629 3025 822 3065; x_wconf 81' lang='lat' dir='ltr'><strong>rnnsnrrnnr.</strong></span> <span class='ocrx_word' id='word_1_149' title='bbox 868 3007 943 3084; x_wconf 86' lang='lat' dir='ltr'><strong>(xix.</strong></span> <span class='ocrx_word' id='word_1_150' title='bbox 964 3006 1034 3067; x_wconf 87' lang='lat' dir='ltr'><strong>Kal.</strong></span> <span class='ocrx_word' id='word_1_151' title='bbox 1051 3005 1136 3082; x_wconf 83' lang='lat' dir='ltr'><strong>Feb.)</strong></span> 
     </span>
    </p>
   </div>
   <div class='ocr_carea' id='block_1_7' title="bbox 137 3122 1340 4495">
    <p class='ocr_par' dir='ltr' id='par_1_23' title="bbox 199 3122 923 3262">
     <span class='ocr_line' id='line_1_32' title="bbox 199 3122 923 3262; baseline 0.006 -82"><span class='ocrx_word' id='word_1_152' title='bbox 199 3122 340 3262; x_wconf 58' lang='lat' dir='ltr'><strong>(gfficium.</strong></span> <span class='ocrx_word' id='word_1_153' title='bbox 384 3124 425 3181; x_wconf 90' lang='lat' dir='ltr'><strong>Os</strong></span> <span class='ocrx_word' id='word_1_154' title='bbox 441 3125 518 3200; x_wconf 87' lang='lat' dir='ltr'><strong>justi</strong></span> <span class='ocrx_word' id='word_1_155' title='bbox 532 3125 726 3182; x_wconf 87' lang='lat' dir='ltr'><strong>meditabitur</strong></span> <span class='ocrx_word' id='word_1_156' title='bbox 739 3123 923 3201; x_wconf 87' lang='lat' dir='ltr'><strong>sapientiam.</strong></span> 
     </span>
     <span class='ocr_line' id='line_1_33' title="bbox 225 3205 310 3262; baseline 0 -2"><span class='ocrx_word' id='word_1_157' title='bbox 225 3205 310 3262; x_wconf 81' lang='lat' dir='ltr'><strong>ratio.</strong></span> 
     </span>
    </p>

    <p class='ocr_par' dir='ltr' id='par_1_24' title="bbox 138 3285 1339 3506">
     <span class='ocr_line' id='line_1_34' title="bbox 198 3285 1338 3362; baseline -0.003 -20"><span class='ocrx_word' id='word_1_158' title='bbox 198 3285 339 3356; x_wconf 77' lang='lat' dir='ltr'><strong>Concede,</strong></span> <span class='ocrx_word' id='word_1_159' title='bbox 356 3305 532 3361; x_wconf 88' lang='lat' dir='ltr'><strong>quaesumus,</strong></span> <span class='ocrx_word' id='word_1_160' title='bbox 547 3287 734 3362; x_wconf 91' lang='lat' dir='ltr'><strong>omnipotens</strong></span> <span class='ocrx_word' id='word_1_161' title='bbox 749 3288 841 3359; x_wconf 90' lang='lat' dir='ltr'><strong>Deus,</strong></span> <span class='ocrx_word' id='word_1_162' title='bbox 855 3293 891 3343; x_wconf 93' lang='lat' dir='ltr'><strong>ut</strong></span> <span class='ocrx_word' id='word_1_163' title='bbox 901 3285 939 3342; x_wconf 92' lang='lat' dir='ltr'><strong>ad</strong></span> <span class='ocrx_word' id='word_1_164' title='bbox 947 3285 1099 3342; x_wconf 91' lang='lat' dir='ltr'><strong>meliorem</strong></span> <span class='ocrx_word' id='word_1_165' title='bbox 1109 3285 1204 3341; x_wconf 90' lang='lat' dir='ltr'><strong>vitam</strong></span> <span class='ocrx_word' id='word_1_166' title='bbox 1217 3289 1338 3340; x_wconf 90' lang='lat' dir='ltr'><strong>tuorum</strong></span> 
     </span>
     <span class='ocr_line' id='line_1_35' title="bbox 138 3366 1339 3444; baseline -0.002 -20"><span class='ocrx_word' id='word_1_167' title='bbox 138 3366 273 3443; x_wconf 85' lang='lat' dir='ltr'><strong>exempla</strong></span> <span class='ocrx_word' id='word_1_168' title='bbox 293 3366 426 3437; x_wconf 86' lang='lat' dir='ltr'><strong>fidelium</strong></span> <span class='ocrx_word' id='word_1_169' title='bbox 445 3387 499 3424; x_wconf 90' lang='lat' dir='ltr'><strong>nos</strong></span> <span class='ocrx_word' id='word_1_170' title='bbox 519 3375 700 3444; x_wconf 78' lang='lat' dir='ltr'><strong>provocent3</strong></span> <span class='ocrx_word' id='word_1_171' title='bbox 731 3368 872 3444; x_wconf 85' lang='lat' dir='ltr'><strong>quatinus</strong></span> <span class='ocrx_word' id='word_1_172' title='bbox 896 3386 1022 3444; x_wconf 90' lang='lat' dir='ltr'><strong>quorum</strong></span> <span class='ocrx_word' id='word_1_173' title='bbox 1046 3366 1201 3423; x_wconf 87' lang='lat' dir='ltr'><strong>sollemnia</strong></span> <span class='ocrx_word' id='word_1_174' title='bbox 1224 3366 1339 3440; x_wconf 86' lang='lat' dir='ltr'><strong>agimus</strong></span> 
     </span>
     <span class='ocr_line' id='line_1_36' title="bbox 138 3447 785 3506; baseline -0.002 0"><span class='ocrx_word' id='word_1_175' title='bbox 138 3448 228 3506; x_wconf 85' lang='lat' dir='ltr'><strong>etiam</strong></span> <span class='ocrx_word' id='word_1_176' title='bbox 242 3454 325 3504; x_wconf 88' lang='lat' dir='ltr'><strong>actus</strong></span> <span class='ocrx_word' id='word_1_177' title='bbox 339 3447 498 3505; x_wconf 87' lang='lat' dir='ltr'><strong>imitemur.</strong></span> <span class='ocrx_word' id='word_1_178' title='bbox 541 3448 602 3505; x_wconf 90' lang='lat' dir='ltr'><strong>Per</strong></span> <span class='ocrx_word' id='word_1_179' title='bbox 614 3449 785 3506; x_wconf 89' lang='lat' dir='ltr'><strong>Dominum.</strong></span> 
     </span>
    </p>

    <p class='ocr_par' dir='ltr' id='par_1_25' title="bbox 199 3528 733 3604">
     <span class='ocr_line' id='line_1_37' title="bbox 199 3528 733 3604; baseline 0.004 -20"><span class='ocrx_word' id='word_1_180' title='bbox 199 3528 340 3604; x_wconf 76' lang='lat' dir='ltr'><strong>Epistola.</strong></span> <span class='ocrx_word' id='word_1_181' title='bbox 384 3528 535 3585; x_wconf 87' lang='lat' dir='ltr'><strong>Testificor</strong></span> <span class='ocrx_word' id='word_1_182' title='bbox 548 3549 645 3586; x_wconf 88' lang='lat' dir='ltr'><strong>coram</strong></span> <span class='ocrx_word' id='word_1_183' title='bbox 660 3531 733 3587; x_wconf 90' lang='lat' dir='ltr'><strong>Deo.</strong></span> 
     </span>
    </p>

    <p class='ocr_par' dir='ltr' id='par_1_26' title="bbox 201 3608 670 3667">
     <span class='ocr_line' id='line_1_38' title="bbox 201 3608 670 3667; baseline 0.002 -1"><span class='ocrx_word' id='word_1_184' title='bbox 201 3608 335 3666; x_wconf 75' lang='lat' dir='ltr'><strong>Grcdclc.</strong></span> <span class='ocrx_word' id='word_1_185' title='bbox 378 3608 502 3665; x_wconf 87' lang='lat' dir='ltr'><strong>Juravit</strong></span> <span class='ocrx_word' id='word_1_186' title='bbox 516 3611 670 3667; x_wconf 82' lang='lat' dir='ltr'><strong>Dominus</strong></span> 
     </span>
    </p>

    <p class='ocr_par' dir='ltr' id='par_1_27' title="bbox 198 3689 743 3767">
     <span class='ocr_line' id='line_1_39' title="bbox 198 3689 743 3767; baseline 0.002 -20"><span class='ocrx_word' id='word_1_187' title='bbox 198 3690 347 3766; x_wconf 86' lang='lat' dir='ltr'><strong>Alleluya.</strong></span> <span class='ocrx_word' id='word_1_188' title='bbox 397 3690 425 3747; x_wconf 87' lang='lat' dir='ltr'><strong>V.</strong></span> <span class='ocrx_word' id='word_1_189' title='bbox 449 3689 540 3747; x_wconf 90' lang='lat' dir='ltr'><strong>Posui</strong></span> <span class='ocrx_word' id='word_1_190' title='bbox 553 3691 743 3767; x_wconf 88' lang='lat' dir='ltr'><strong>adjutorium.</strong></span> 
     </span>
    </p>

    <p class='ocr_par' dir='ltr' id='par_1_28' title="bbox 200 3769 1036 3846">
     <span class='ocr_line' id='line_1_40' title="bbox 200 3769 1036 3846; baseline 0.001 -20"><span class='ocrx_word' id='word_1_191' title='bbox 200 3771 400 3845; x_wconf 71' lang='lat' dir='ltr'><strong>Evcnqelium.</strong></span> <span class='ocrx_word' id='word_1_192' title='bbox 444 3770 513 3827; x_wconf 83' lang='lat' dir='ltr'><strong>Sint</strong></span> <span class='ocrx_word' id='word_1_193' title='bbox 526 3771 622 3828; x_wconf 93' lang='lat' dir='ltr'><strong>lumbi</strong></span> <span class='ocrx_word' id='word_1_194' title='bbox 634 3792 725 3846; x_wconf 77' lang='lat' dir='ltr'><strong>usqae</strong></span> <span class='ocrx_word' id='word_1_195' title='bbox 739 3773 779 3829; x_wconf 85' lang='lat' dir='ltr'><strong>cd</strong></span> <span class='ocrx_word' id='word_1_196' title='bbox 793 3770 888 3828; x_wconf 84' lang='lat' dir='ltr'><strong>Filius</strong></span> <span class='ocrx_word' id='word_1_197' title='bbox 901 3769 1036 3829; x_wconf 87' lang='lat' dir='ltr'><strong>hominis.</strong></span> 
     </span>
    </p>

    <p class='ocr_par' dir='ltr' id='par_1_29' title="bbox 201 3850 714 3925">
     <span class='ocr_line' id='line_1_41' title="bbox 201 3850 714 3925; baseline 0.004 -17"><span class='ocrx_word' id='word_1_198' title='bbox 201 3850 392 3925; x_wconf 80' lang='lat' dir='ltr'><strong>Offcrtoriurn.</strong></span> <span class='ocrx_word' id='word_1_199' title='bbox 436 3850 539 3909; x_wconf 82' lang='lat' dir='ltr'><strong>Gloria</strong></span> <span class='ocrx_word' id='word_1_200' title='bbox 552 3858 583 3910; x_wconf 91' lang='lat' dir='ltr'><strong>et</strong></span> <span class='ocrx_word' id='word_1_201' title='bbox 596 3853 714 3910; x_wconf 87' lang='lat' dir='ltr'><strong>honore.</strong></span> 
     </span>
    </p>

    <p class='ocr_par' dir='ltr' id='par_1_30' title="bbox 199 3932 320 3992">
     <span class='ocr_line' id='line_1_42' title="bbox 199 3932 320 3992; baseline 0.017 -2"><span class='ocrx_word' id='word_1_202' title='bbox 199 3932 320 3992; x_wconf 81' lang='lat' dir='ltr'><strong>Secreta.</strong></span> 
     </span>
    </p>

    <p class='ocr_par' dir='ltr' id='par_1_31' title="bbox 138 4012 1340 4171">
     <span class='ocr_line' id='line_1_43' title="bbox 199 4012 1340 4086; baseline -0.001 -16"><span class='ocrx_word' id='word_1_203' title='bbox 199 4013 323 4071; x_wconf 87' lang='lat' dir='ltr'><strong>Hostias</strong></span> <span class='ocrx_word' id='word_1_204' title='bbox 345 4012 411 4086; x_wconf 87' lang='lat' dir='ltr'><strong>tibi,</strong></span> <span class='ocrx_word' id='word_1_205' title='bbox 436 4013 574 4083; x_wconf 90' lang='lat' dir='ltr'><strong>Domine,</strong></span> <span class='ocrx_word' id='word_1_206' title='bbox 598 4015 679 4071; x_wconf 87' lang='lat' dir='ltr'><strong>beati</strong></span> <span class='ocrx_word' id='word_1_207' title='bbox 703 4013 811 4071; x_wconf 83' lang='lat' dir='ltr'><strong>Felicis</strong></span> <span class='ocrx_word' id='word_1_208' title='bbox 834 4014 1006 4072; x_wconf 86' lang='lat' dir='ltr'><strong>confessoris</strong></span> <span class='ocrx_word' id='word_1_209' title='bbox 1030 4013 1076 4070; x_wconf 87' lang='lat' dir='ltr'><strong>tui</strong></span> <span class='ocrx_word' id='word_1_210' title='bbox 1100 4013 1211 4069; x_wconf 86' lang='lat' dir='ltr'><strong>dicatas</strong></span> <span class='ocrx_word' id='word_1_211' title='bbox 1225 4012 1340 4070; x_wconf 82' lang='lat' dir='ltr'><strong>meritis</strong></span> 
     </span>
     <span class='ocr_line' id='line_1_44' title="bbox 138 4093 1337 4171; baseline 0.001 -22"><span class='ocrx_word' id='word_1_212' title='bbox 138 4093 283 4169; x_wconf 84' lang='lat' dir='ltr'><strong>benignus</strong></span> <span class='ocrx_word' id='word_1_213' title='bbox 297 4114 420 4167; x_wconf 86' lang='lat' dir='ltr'><strong>assume,</strong></span> <span class='ocrx_word' id='word_1_214' title='bbox 431 4102 462 4152; x_wconf 92' lang='lat' dir='ltr'><strong>et</strong></span> <span class='ocrx_word' id='word_1_215' title='bbox 475 4094 513 4152; x_wconf 92' lang='lat' dir='ltr'><strong>ad</strong></span> <span class='ocrx_word' id='word_1_216' title='bbox 523 4101 698 4171; x_wconf 86' lang='lat' dir='ltr'><strong>perpetuum</strong></span> <span class='ocrx_word' id='word_1_217' title='bbox 709 4095 795 4152; x_wconf 88' lang='lat' dir='ltr'><strong>nobis</strong></span> <span class='ocrx_word' id='word_1_218' title='bbox 805 4095 903 4152; x_wconf 91' lang='lat' dir='ltr'><strong>tribue</strong></span> <span class='ocrx_word' id='word_1_219' title='bbox 913 4095 1066 4171; x_wconf 88' lang='lat' dir='ltr'><strong>pervenire</strong></span> <span class='ocrx_word' id='word_1_220' title='bbox 1077 4093 1248 4151; x_wconf 89' lang='lat' dir='ltr'><strong>subsidium.</strong></span> <span class='ocrx_word' id='word_1_221' title='bbox 1270 4093 1337 4151; x_wconf 92' lang='lat' dir='ltr'><strong>Per.</strong></span> 
     </span>
    </p>

    <p class='ocr_par' dir='ltr' id='par_1_32' title="bbox 200 4173 1105 4252">
     <span class='ocr_line' id='line_1_45' title="bbox 200 4173 1105 4252; baseline 0.002 -21"><span class='ocrx_word' id='word_1_222' title='bbox 200 4173 383 4233; x_wconf 71' lang='lat' dir='ltr'><strong>Communia</strong></span> <span class='ocrx_word' id='word_1_223' title='bbox 427 4175 567 4247; x_wconf 87' lang='lat' dir='ltr'><strong>Posuisti,</strong></span> <span class='ocrx_word' id='word_1_224' title='bbox 583 4185 617 4232; x_wconf 77' lang='lat' dir='ltr'><strong>at</strong></span> <span class='ocrx_word' id='word_1_225' title='bbox 631 4177 665 4233; x_wconf 79' lang='lat' dir='ltr'><strong>in</strong></span> <span class='ocrx_word' id='word_1_226' title='bbox 680 4174 839 4234; x_wconf 76' lang='lat' dir='ltr'><strong>Cenomani</strong></span> <span class='ocrx_word' id='word_1_227' title='bbox 851 4177 944 4234; x_wconf 68' lang='lat' dir='ltr'><strong>unicas</strong></span> <span class='ocrx_word' id='word_1_228' title='bbox 957 4177 1105 4252; x_wconf 72' lang='lat' dir='ltr'><strong>martyria</strong></span> 
     </span>
    </p>

    <p class='ocr_par' dir='ltr' id='par_1_33' title="bbox 200 4255 444 4314">
     <span class='ocr_line' id='line_1_46' title="bbox 200 4255 444 4314; baseline 0.008 -3"><span class='ocrx_word' id='word_1_229' title='bbox 200 4255 444 4314; x_wconf 77' lang='lat' dir='ltr'><strong>Poctcommunc&#39;o</strong></span> 
     </span>
    </p>

    <p class='ocr_par' dir='ltr' id='par_1_34' title="bbox 137 4332 1339 4495">
     <span class='ocr_line' id='line_1_47' title="bbox 198 4332 1339 4414; baseline 0.003 -23"><span class='ocrx_word' id='word_1_230' title='bbox 198 4334 381 4408; x_wconf 78' lang='lat' dir='ltr'><strong>Quaesumus,</strong></span> <span class='ocrx_word' id='word_1_231' title='bbox 397 4337 534 4409; x_wconf 92' lang='lat' dir='ltr'><strong>Domine,</strong></span> <span class='ocrx_word' id='word_1_232' title='bbox 550 4336 729 4395; x_wconf 84' lang='lat' dir='ltr'><strong>salutaribus</strong></span> <span class='ocrx_word' id='word_1_233' title='bbox 743 4336 851 4414; x_wconf 88' lang='lat' dir='ltr'><strong>repleti</strong></span> <span class='ocrx_word' id='word_1_234' title='bbox 864 4337 1022 4414; x_wconf 67' lang='lat' dir='ltr'><strong>mysteriis</strong></span> <span class='ocrx_word' id='word_1_235' title='bbox 1037 4343 1073 4396; x_wconf 90' lang='lat' dir='ltr'><strong>ut</strong></span> <span class='ocrx_word' id='word_1_236' title='bbox 1087 4336 1171 4413; x_wconf 87' lang='lat' dir='ltr'><strong>cujus</strong></span> <span class='ocrx_word' id='word_1_237' title='bbox 1184 4332 1339 4394; x_wconf 80' lang='lat' dir='ltr'><strong>sollemnia</strong></span> 
     </span>
     <span class='ocr_line' id='line_1_48' title="bbox 137 4415 900 4495; baseline 0.004 -21"><span class='ocrx_word' id='word_1_238' title='bbox 137 4415 317 4474; x_wconf 86' lang='lat' dir='ltr'><strong>celebramus</strong></span> <span class='ocrx_word' id='word_1_239' title='bbox 332 4418 395 4492; x_wconf 86' lang='lat' dir='ltr'><strong>ejus</strong></span> <span class='ocrx_word' id='word_1_240' title='bbox 409 4418 592 4477; x_wconf 86' lang='lat' dir='ltr'><strong>orationibus</strong></span> <span class='ocrx_word' id='word_1_241' title='bbox 606 4419 790 4495; x_wconf 86' lang='lat' dir='ltr'><strong>adjuvemur.</strong></span> <span class='ocrx_word' id='word_1_242' title='bbox 834 4418 900 4477; x_wconf 88' lang='lat' dir='ltr'><strong>Per.</strong></span> 
     </span>
    </p>
   </div>
   <div class='ocr_carea' id='block_1_8' title="bbox 0 0 1484 5002">
    <p class='ocr_par' dir='ltr' id='par_1_35' title="bbox 0 0 1484 5002">
     <span class='ocr_line' id='line_1_49' title="bbox 0 0 1484 5002; baseline 0 0"><span class='ocrx_word' id='word_1_243' title='bbox 0 0 1484 5002; x_wconf 95' lang='lat' dir='ltr'><strong> </strong></span> 
     </span>
    </p>
   </div>
  </div>
 </body>
</html>
