2946 5002
735 302 857 368 Proece.

736 505 847 562 XXX.

501 628 563 706 (Dr
582 627 802 687 Assuurmorn
823 643 929 685 suurn
950 626 1091 706 Mamm)
1184 628 1186 631 '

192 750 306 808 Aorno
327 765 386 808 orn
407 764 511 806 rmum
530 764 641 806 marrus
662 747 738 805 Eva
751 747 858 804 florens
871 767 938 804 rosa
950 747 1090 823 processit
1104 747 1181 806 sicut
1194 747 1245 806 sol.

194 830 307 903 Oritur,
322 835 357 888 ut
370 829 475 888 lucifer
487 830 567 887 inter
580 835 659 886 astra
673 828 823 887 decoravit
835 829 971 904 polorum
986 828 1090 886 sidera.

193 911 372 970 Flaveacunt
384 910 481 987 campi
494 910 593 982 eremi,
608 909 749 968 colocasia
761 909 985 985 germinentque
998 909 1070 969 lilia.

193 991 290 1051 Odore
303 1011 380 1050 novo
393 992 534 1049 acanthi‘
547 990 661 1048 roscida
674 995 811 1048 nectarea
824 996 984 1066 rorantque
997 1009 1077 1048 arva.

190 1071 291 1131 Patris
311 1092 431 1130 summa
440 1071 537 1130 Filius
556 1091 622 1129 arce
635 1090 768 1129 convexo
778 1090 841 1128 aevo
855 1089 926 1128 cava
939 1070 1016 1148 (sio)
1029 1071 1128 1128 sobole
1141 1070 1255 1129 virtute
1267 1076 1394 1148 paterna

273 1154 311 1211 ab
325 1153 445 1211 exonlio
458 1158 558 1228 patrat
570 1152 676 1209 omnia

192 1235 329 1293 Nuntius
342 1234 435 1292 celsus
449 1233 577 1304 Gabriel,
593 1251 725 1290 summus
737 1230 867 1308 angelus,
882 1232 986 1290 aeterni
999 1232 1075 1310 regis
1088 1251 1219 1309 egressus
1229 1239 1275 1291 est
1287 1239 1392 1308 castra,

273 1314 341 1373 aula
359 1314 484 1391 virginis
497 1313 582 1371 stetit
594 1313 719 1371 radians.

192 1396 336 1454 Prsecelsa
349 1395 433 1472 virgo
447 1394 546 1452 Maria
558 1394 688 1471 pavescit
701 1393 814 1451 lumine
827 1414 834 1453 ε
856 1392 976 1452 Gabriel
989 1394 1110 1452 affectus
1123 1394 1242 1471 inquit:

192 1476 355 1553 concipies,
370 1476 449 1533 alma
461 1476 571 1552 regina,
587 1475 666 1532 orbis
679 1493 776 1552 regem
789 1475 822 1531 in
836 1475 942 1532 saecula
956 1482 1106 1552 regentem
1119 1481 1232 1533 cuncta.

192 1559 369 1634 Intacteque
383 1557 488 1614 Mariae
508 1555 632 1632 virginis
652 1561 828 1613 tumuerunt
849 1555 981 1614 viscera:
1009 1556 1150 1614 comitata
1172 1556 1244 1614 fides
1257 1555 1391 1630 credidit,

273 1639 362 1716 dignu
375 1657 502 1714 nemque
515 1637 571 1694 teli
583 1636 691 1694 ioedere
709 1636 778 1695 sela.

193 1720 277 1778 Loeta
300 1725 402 1790 mater,
422 1718 557 1795 gloriosa,
578 1724 666 1790 caste,
685 1723 755 1774 ente
779 1722 898 1793 portum
918 1716 1035 1793 integra
1055 1722 1086 1775 et
1099 1724 1167 1794 post
1186 1724 1314 1794 partum,
1329 1736 1392 1776 non

272 1806 318 1859 est
331 1799 445 1870 similis,
458 1799 621 1875 permansit
633 1799 769 1875 genetrix
782 1797 932 1855 inviolata.

192 1881 292 1940 Enixa
304 1900 403 1956 regem
415 1899 559 1956 puerpera
572 1899 662 1952 sacra,
676 1878 826 1936 hominem
839 1898 900 1935 una
913 1878 1067 1955 deumque,
1081 1879 1186 1956 genuit
1198 1871 1319 1951 innuba,
1331 1898 1392 1937 ser·

272 1962 356 2020 ravit
369 1962 470 2018 florem
483 1960 597 2037 pudice„

192 2043 284 2102 Porto
297 2062 375 2120 .quee
398 2041 497 2099 clausa
517 2041 577 2098 fuit
599 2060 653 2117 per
673 2040 770 2097 Evam
797 2038 932 2097 Peradisi
952 2046 1082 2097 reserate
1105 2040 1248 2118 praecelsae
1275 2040 1392 2099 meritis

272 2123 385 2181 Meriae.
422 2121 448 2180 Ο
462 2141 551 2198 quam
564 2121 677 2196 inclyta

192 2204 279 2263 Inter
288 2223 389 2262 omnes
402 2202 540 2260 mulieres
552 2202 651 2260 fructu
663 2202 749 2259 flores
757 2202 871 2258 ventris
881 2201 935 2274 tui,
947 2201 1083 2278 exemplo
1091 2202 1154 2259 sine
1167 2201 1305 2278 placuisti
1319 2201 1390 2260 sole.

192 2286 257 2344 Nec
280 2284 403 2361 primam
429 2282 556 2341 similem
578 2283 643 2341 viso
666 2302 697 2340 es
720 2302 774 2340 nec
793 2282 923 2343 habere†
943 2302 1009 2359 quoe
1029 2288 1208 2358 sequentem,
1229 2283 1303 2341 felix
1324 2302 1392 2359 quae

271 2366 398 2423 nimium
411 2384 449 2437 es,
465 2364 571 2422 Meris.

191 2446 286 2505 Velut
298 2446 343 2503 sol
356 2446 467 2503 micans
480 2451 586 2503 cuncte
599 2444 794 2503 conscendisti
803 2444 957 2522 globorum
969 2444 1136 2517 luminaria,
1151 2444 1271 2501 lucerna
1290 2443 1393 2502 nitens

271 2527 351 2585 inter
364 2526 467 2584 choros
479 2525 658 2602 angelorum.

101 2637 103 2644 ·
192 2606 292 2666 Hodie
305 2607 369 2666 caeli
381 2606 492 2683 templa
504 2607 618 2680 scande,
628 2607 715 2665 beata
727 2606 787 2664 Dei
799 2606 935 2684 genetrix
944 2605 1030 2678 alma,
1045 2625 1112 2663 oum
1122 2605 1256 2663 caelicolis
1267 2625 1393 2664 exorare

191 2707 548 2826 Rmieiisslllurigtifftm
561 2787 659 2825 annue
678 2766 839 2826 recolentes
851 2768 927 2825 festa
940 2766 978 2826 ad
987 2767 1130 2825 caelestem
1144 2767 1201 2824 duc
1214 2767 1351 2842 patriam.

191 2849 388 2925 Precibusque
400 2848 462 2906 tuis
475 2848 546 2906 fulti
558 2848 704 2923 obtentis‡
716 2848 876 2924 gloriemur
888 2849 976 2906 simul
989 2868 1042 2925 per
1055 2853 1165 2906 aeterna
1178 2848 1290 2905 saeoula.

190 2930 340 3008 Flos-igere
352 2935 447 2988 castre
460 2948 520 2986 una
532 2929 666 3003 fruemur
679 2928 763 2986 alma

731 3126 857 3186 XXXL

418 3250 469 3309 Dr
489 3264 603 3308 sarcre
623 3249 748 3307 Rosius
761 3249 802 3306 ad
815 3248 888 3307 Post
902 3254 1021 3324 partum
1035 3249 1148 3307 Mariae.

450 3373 524 3430 Hac
544 3386 643 3431 cnm
663 3387 725 3442 nna,
739 3379 878 3447 utsupra
894 3368 962 3449 (vol.
978 3369 1009 3428 ii.
1024 3390 1052 3447 p.
1069 3370 1131 3445 86).
1154 3406 1156 3411 ‹

713 3566 860 3624 XXXII.

319 3689 413 3749 Prooe
425 3689 468 3748 od
478 3688 635 3765 Sequentia
654 3706 696 3747 nn
716 3705 831 3746 serora
851 3688 962 3745 Manu
983 3688 1024 3744 cd
1044 3686 1138 3744 Meris
1155 3685 1247 3744 stella

188 3813 288 3872 Save
308 3828 407 3871 roera
419 3819 567 3890 perpetues
580 3813 655 3871 lucis
667 3812 789 3890 fulgide,

187 3895 282 3953 Meris
296 3894 389 3966 stella,
402 3894 516 3971 inclyte
529 3894 666 3966 Domina,
681 3896 765 3970 virgo
778 3898 931 3968 materque
944 3891 1003 3949 Dei
1013 3890 1120 3961 Maria,

186 3975 345 4034 Praeelecta
357 3975 450 4052 ipsius
462 3976 558 4051 gratia
571 3981 640 4033 ante
653 3973 802 4032 saecularia
815 3979 948 4050 tempore
961 3993 967 4030 :

187 4057 243 4115 (lui
256 4057 361 4114 missus
375 4056 496 4113 Gabriel
515 4055 706 4133 archangelus
725 4055 802 4112 mira
821 4053 930 4112 detulit
942 4073 961 4110 a
981 4053 1045 4110 Deo
1057 4051 1168 4109 famina
1181 4050 1293 4109 mundo
1307 4071 1386 4112 nun-

184 4137 494 4355 Avetgallliiiliffliiiie
514 4218 606 4275 totius
625 4216 713 4294 plena
733 4215 863 4273 muneris
876 4214 997 4292 effulges
1016 4213 1122 4290 gretia,
1137 4219 1181 4272 est
1201 4233 1271 4271 nem
1284 4219 1388 4274 tecum

296 4318 412 4355 ommus
421 4317 430 4370 ;
776 4328 779 4336 f

220 4440 341 4490 ’us-a
350 4445 428 4489 cautu.
575 4442 735 4504 ,eus-vise
744 4457 789 4490 nco
799 4441 900 4490 habebis
910 4455 972 4501 quse.
1122 4438 1354 4502 ssis-obtentus.
