2946 5002
702 366 837 454 Kyme.

728 519 803 622 nv.
921 586 924 595 ·

635 665 751 739 Purus,
773 681 902 726 cunero.

620 783 624 796 ·
694 767 839 830 (nereford.)

487 853 584 928 Peter,
600 859 707 912 cuncte
720 854 772 931 qui
785 854 939 930 gubernas,
955 853 1082 932 eleyson

489 933 598 993 Sedens
611 935 693 993 sedes
705 934 739 992 in
752 935 896 1012 supernis,
911 935 1037 1011 eleyson

489 1014 610 1073 Placido
623 1034 677 1074 nos
690 1013 778 1072 vultu
791 1034 900 1088 cernas,
916 1014 1042 1091 eleyson.

489 1095 515 1155 0
531 1095 657 1167 Christe,
671 1096 796 1154 verbum
808 1095 918 1169 Petris,
932 1096 1059 1173 eleyson.

488 1176 613 1234 Intoctae
626 1177 671 1234 fili
683 1176 796 1250 metris,
810 1176 936 1253 eleyson

489 1256 630 1316 Tenebris
643 1277 681 1316 ne
694 1257 799 1315 demur
815 1256 897 1330 stris,
914 1256 1040 1333 eleyson.

487 1337 540 1395 Ab
552 1344 678 1415 utroque
691 1338 807 1414 spirans
819 1337 952 1409 Flumen,
967 1337 1104 1414 eleyson.

489 1417 669 1477 Miserorum
682 1418 876 1491 consolamen,
891 1418 1017 1495 eleyson

487 1499 679 1558 Peccatorum
693 1501 767 1559 dans
779 1500 924 1572 levamen,
940 1500 1067 1576 eleyson.

702 1698 704 1701 ·
716 1666 810 1725 XVI.

652 1753 764 1832 Sonus
784 1769 880 1830 Duos.

693 1875 841 1936 (nereford)

406 1962 526 2021 Summe
539 1961 631 2036 Deus,
646 1962 699 2039 qui
712 1967 818 2020 cuncte
832 1980 919 2033 creas,
935 1960 1063 2037 eleyson.

406 2043 467 2113 Qui
479 2043 556 2120 regis
569 2063 650 2102 arces
663 2042 812 2115 aetherens,
828 2042 953 2118 eleyson.

404 2124 468 2182 Nos
481 2123 595 2201 placido
608 2124 698 2182 vultu
711 2122 819 2191 videas,
836 2122 961 2199 eleyson.

405 2204 452 2262 Tu
466 2205 593 2278 Christe,
608 2204 707 2263 Patris
721 2203 882 2281 speculum,
897 2203 1027 2279 eleyson.

405 2285 465 2355 Qui
478 2284 644 2344 reformasti
657 2285 806 2358 saeculum,
821 2284 948 2360 eleyson.

404 2366 585 2425 Praesentem
593 2366 668 2443 juve
680 2365 832 2444 populum,
847 2365 972 2440 eleyson.

404 2447 465 2518 Qui
477 2447 609 2523 procedis
622 2449 660 2505 ab
673 2453 800 2523 utroque
814 2445 947 2518 Flamen,
963 2443 1088 2520 eleyson.

405 2526 463 2586 Os*
475 2530 639 2602 amborum,
653 2547 736 2586 emor
749 2533 780 2586 et
793 2527 950 2603 spiramen,
965 2525 1091 2601 eleyson.

403 2609 490 2667 Assis
502 2609 588 2668 nobis
601 2610 668 2686 pius
681 2614 712 2668 et
725 2609 863 2678 solamen,
878 2607 1004 2683 eleyson.

404 2688 595 2749 Peccatorum
609 2689 686 2749 dono.
698 2689 889 2759 medicamen,
900 2688 1026 2764 eleyson.

345 2892 403 2950 ww
420 2893 586 2968 ramessem
603 2891 711 2969 Kysics
727 2911 778 2950 esre
788 2891 875 2967 from
891 2889 957 2950 MS.
976 2889 1086 2967 Bodlep
1105 2888 1171 2951 775.

702 3012 815 3072 XVII.

553 3118 606 3194 Te,
629 3119 774 3193 Onersrs,
796 3134 965 3179 succursus.

157 3225 208 3297 Te,
224 3224 349 3300 Christe,
364 3226 509 3304 supplices
522 3245 685 3298 exoremus,
701 3226 907 3302 cunctipotens
920 3230 956 3282 ut
970 3224 1065 3283 nostri
1079 3223 1209 3302 digneris
1218 3225 1348 3303 eleyson.

158 3307 200 3366 Te
214 3307 297 3366 decet
310 3307 375 3365 laus
388 3327 456 3366 cum
469 3307 602 3384 tripudio
610 3307 726 3385 jugiter
739 3325 798 3384 qua
811 3306 870 3363 tibi
882 3306 1012 3382 petimus
1026 3312 1172 3379 canentes,
1188 3307 1315 3383 eleyson.
1460 3308 1462 3314 '

97 3429 99 3433 -
159 3387 185 3446 Ο
205 3388 283 3447 bone
305 3408 369 3460 rex,
390 3388 444 3466 qui
466 3407 555 3465 super
576 3394 657 3446 estre
680 3389 771 3460 sedes,
792 3393 824 3445 et
843 3385 980 3459 Domine,
1001 3387 1055 3463 qui
1074 3392 1181 3446 cuncte
1200 3389 1357 3466 gubernes,

238 3470 364 3546 eleyson.
1091 3468 1095 3476 '

157 3549 189 3608 ΟΙ
198 3550 294 3609 Theos
307 3551 381 3627 agie,
397 3549 479 3609 selva
487 3569 496 3624 ;
516 3549 633 3608 vivifice
647 3547 830 3626 Redemptor
841 3553 951 3621 noster,
966 3547 1092 3624 eleyson.

158 3630 220 3702 Qui
231 3639 343 3690 canunt
356 3637 426 3691 ante
439 3637 477 3704 te,
493 3631 628 3709 precibus
642 3649 748 3703 annue,
764 3636 795 3688 et
808 3635 843 3687 tu
855 3629 941 3687 nobis
955 3649 1069 3706 semper
1082 3629 1208 3707 eleyson.

156 3711 221 3770 Ine
233 3712 341 3771 devota
354 3713 437 3790 plebs
449 3712 589 3789 inploret
597 3710 720 3788 jugiter,
736 3716 772 3768 ut
784 3710 831 3767 illi
844 3709 973 3786 digneris
987 3709 1113 3786 eleyson

156 3791 273 3851 Clamat
285 3794 466 3852 incessanter
477 3813 557 3851 nuuc
570 3811 688 3869 quoque
699 3791 809 3863 concio,
824 3795 856 3849 et
868 3791 950 3864 dicit,
965 3791 1092 3867 eleyson.

156 3871 298 3934 Miserere
312 3875 416 3948 nostri,
430 3874 475 3932 fili
487 3873 595 3944 David,
610 3879 645 3931 tu
658 3872 744 3930 nobis
757 3871 884 3949 eleyson.

691 4049 821 4110 XVIII.

650 4157 690 4215 In
710 4149 859 4216 excuses.

275 4229 315 4323 In
329 4265 450 4324 excelsis
464 4266 529 4324 Deo
543 4283 651 4342 mogus
663 4262 703 4322 sit
716 4262 810 4338 glorie
823 4267 935 4321 esterno
948 4260 1043 4336 Patri,

275 4346 336 4417 Qui
347 4365 401 4404 nos
414 4346 540 4404 redemit
552 4344 672 4434 proprio
685 4342 774 4415 Filio,
787 4349 823 4401 ut
836 4343 1002 4403 vivificaret
1015 4344 1053 4403 de
1066 4349 1180 4417 morte3

274 4427 416 4485 Dicemus
428 4425 629 4486 indesinenter
641 4445 702 4484 uns
715 4443 786 4484 voce
800 4442 908 4497 omnes,
924 4425 1050 4503 eleyson

596 4555 610 4580 ¹
625 4539 726 4602 nuso
739 4544 932 4601 Misso-“Es”
