2946 5002
438 259 630 328 Benedictio
644 261 911 350 SulisetAquoe.
1210 273 1271 334 195

70 426 143 504 quid
156 426 292 505 estquod
304 433 359 486 sut
370 426 572 486 incolumitati
584 427 785 487 habitantium
798 430 914 491 invidet
926 437 981 490 aut
993 433 1096 510 quieti,
1107 434 1272 512 aspersione

69 507 158 585 hujus
171 528 258 585 aquae
271 508 416 586 effugiat3
436 513 472 566 ut
485 509 644 568 salubritas
656 530 710 586 per
722 511 941 570 invocationem
960 514 1010 572 tui
1029 516 1125 573 sancti
1144 516 1274 574 nominis

68 588 203 666 expetita
229 589 273 648 'ab
304 589 442 648 omnibus
472 590 513 647 sit
542 590 817 668 impugnationibus
847 593 973 653 defensa.
1028 594 1089 655 Per
1118 595 1271 656 Christum

68 668 235 729 Dominum
248 676 392 728 nostrum
435 670 542 728 Amen

128 751 245 811 Deinde
249 755 312 827 fiat
325 750 489 811 commixtio
503 751 574 809 satis
587 761 613 810 et
626 773 711 828 aquae
718 762 775 829 pc'r
787 775 911 812 manum
924 756 1089 816 Sacerdotis
1102 757 1136 815 in
1149 759 1269 818 modum

66 832 171 905 micis,
189 833 312 892 dicendo
333 833 477 892 admissa
494 852 572 892 coca·
596 832 896 915 commixtiofflsalis
917 842 948 895 et
969 857 1054 915 aquae
1075 839 1187 916 pariter
1206 840 1267 899 list.

65 911 106 971 In
119 913 240 973 nomine
252 912 354 972 Patris
367 920 398 972 et
411 913 483 971 Filii
496 920 527 972 et
540 912 674 991 Spiritus.
683 914 792 973 Sancti
835 917 943 976 Amen.

63 1053 819 1189 Q

120 1215 325 1275 Do-mi-nus
350 1216 554 1274 vo-biscum.
590 1216 795 1278 o-re-mua

128 1320 239 1380 Oratio.

125 1402 219 1475 Deus,
233 1402 354 1460 invictae
367 1401 492 1460 virtutis
505 1407 536 1459 et
549 1401 757 1479 insuperabilis
770 1403 889 1481 imperii
902 1423 957 1462 rex
974 1424 1008 1463 ac
1022 1425 1138 1484 semper
1156 1408 1268 1486 magni-

59 1483 137 1542 ficus
156 1482 367 1561 triumphator,
381 1483 435 1560 qui
447 1483 576 1541 adversae
596 1484 807 1542 dominationis
827 1485 905 1542 vires
925 1486 1070 1562 reprimis,
1081 1487 1134 1564 qui
1154 1488 1268 1550 inimici

60 1563 211 1642 rugientis
224 1564 372 1624 saevitism
392 1581 521 1642 superas,
536 1564 589 1641 qui
610 1565 733 1622 hostiles
753 1565 902 1641 nequitias
923 1573 1029 1642 potens
1050 1588 1212 1646 expugnas,
1226 1576 1266 1642 te,

61 1646 202 1719 Domine,
230 1651 391 1705 trementes
418 1652 449 1704 et
476 1645 621 1723 supplices
648 1645 839 1720 deprecamur
869 1666 903 1704 ac
937 1648 1086 1723 petimus;
1123 1657 1158 1708 ut
1191 1652 1267 1712 hanc

59 1733 230 1786 creaturam
256 1727 326 1785 salis
353 1732 384 1786 et
410 1746 495 1804 aquae
522 1724 728 1806 digfflnanter
751 1727 885 1804 accipias,
907 1726 1100 1808 befflnignus
1126 1731 1266 1804 illustres,

60 1806 232 1889 piffletatis
245 1813 306 1866 tuae
320 1828 401 1867 mors
413 1807 586 1879 sanctifices,
602 1813 636 1865 ut
650 1807 819 1883 ubicunqne
839 1808 931 1865 fuerit
950 1829 1068 1886 aspersa
1087 1830 1140 1886 per
1152 1811 1267 1871 invoca-

60 1889 175 1949 tionem
188 1889 284 1947 sancti
297 1889 344 1948 tui
356 1890 486 1947 nominis
500 1889 596 1946 omnis
616 1888 767 1946 infestatio
787 1889 935 1946 immundi
955 1891 1078 1968 spiritus
1097 1892 1264 1968 abjiciatur,

60 1975 217 2047 terrorque
229 1971 369 2029 venenosi
385 1971 531 2047 serpentis
544 1970 648 2047 procul
661 1969 798 2046 pellatur,
809 1975 840 2028 et
853 1972 1010 2046 praesentia
1020 1971 1124 2030 Sancti
1137 1973 1267 2051 Spiritus

61 2052 147 2110 nobis
175 2052 406 2110 misericordiam
432 2059 517 2109 tuam
544 2051 732 2128 poscentibus
753 2051 864 2128 ubique
887 2051 989 2110 adesse
1009 2053 1156 2130 dignetur.
1207 2055 1266 2113 Per

62 2132 227 2191 Dominum
240 2139 377 2191 nostrum
390 2132 413 2192 J
414 2152 496 2191 esum
511 2131 665 2190 Christum
679 2132 791 2189 Filium
804 2138 899 2190 tuum.
944 2133 1005 2203 Qui
1025 2141 1124 2192 tecum
1137 2133 1215 2193 vivit
1234 2142 1266 2194 et

61 2220 173 2290 regnat
216 2214 257 2273 In
276 2214 393 2273 unitate
414 2213 546 2290 ejusdem
567 2213 697 2289 Spiritus
712 2213 814 2272 Sancti
827 2214 918 2272 Deus.
961 2214 1021 2273 Per
1038 2216 1138 2273 omnia
1158 2216 1265 2276 saecula

62 2294 244 2355 saeculorum.

122 2385 176 2468 [In
188 2388 284 2446 Festis
300 2387 523 2464 Principalibus
543 2385 720 2463 Duplicibus
739 2389 859 2462 quando
879 2388 1028 2447 Praelatus
1047 2389 1105 2449 sice
1125 2391 1263 2450 Decanus

60 2468 102 2526 rel
112 2467 224 2545 aliquis
236 2469 272 2527 de
285 2468 446 2545 majoribus
459 2467 579 2527 cccica'm
592 2477 722 2526 eaecutcr
735 2469 820 2543 officii
831 2468 939 2544 fecerit,
956 2479 1026 2527 tuno
1032 2469 1095 2545 fiat
1108 2472 1263 2531 iamdictis

60 2549 131 2607 satia
143 2559 170 2608 et
183 2569 268 2626 cquae
281 2551 317 2608 ab
330 2549 555 2608 hebdomadario
568 2548 651 2606 itlius
664 2549 833 2624 septimanae
845 2558 913 2625 post
928 2551 1058 2608 Tertiam
1071 2553 1166 2611 eodem
1179 2553 1263 2612 niodo

60 2638 84 2687 et
105 2631 209 2690 ordina
228 2631 405 2707 supradicto.
447 2629 490 2688 In
510 2630 673 2687 minacibus
693 2630 871 2706 Duplicibus
892 2632 1011 2706 quando
1026 2651 1158 2708 persona
1178 2634 1263 2694 dicta

58 2711 176 2770 scobare
197 2712 349 2770 semritium
369 2712 508 2788 expleant,
521 2714 581 2786 fiat
595 2711 750 2769 benedictio
768 2710 840 2770 salis
852 2719 879 2770 et
892 2732 977 2787 aquae
990 2712 1026 2772 ab
1040 2714 1113 2790 ipsis
1127 2716 1263 2792 personis

37 2820 39 2825 ·
58 2793 155 2851 eadem
169 2793 253 2852 modo
267 2803 407 2869 utsupra
421 2793 534 2851 dictum
546 2790 705 2850 est-MS.
720 2789 773 2873 D.]

118 2885 308 2946 Edu-Fiat
321 2907 366 2946 us·
447 2885 513 2945 MS.
526 2885 722 2944 D.-Deinde
742 2885 881 2945 Sacerdos
890 2885 982 2962 flexis
993 2889 1113 2962 panibus
1126 2900 1261 2967 asperpat

54 2967 151 3043 persio
164 2988 255 3044 aquae.
406 2965 526 3025 Atura:
540 2977 566 3025 et
576 2968 648 3024 dum
659 2977 840 3043 asperpatur,
855 2978 987 3026 mutetur
999 2969 1058 3029 liceo
1071 2970 1261 3048 Antipatream·

80 3063 84 3070 '
409 3048 523 3109 Otaaa
530 3058 728 3126 prosequatur
739 3072 749 3109 :

469 3234 474 3245 ·
591 3142 1022 3290 Q

677 3329 823 3406 As-per-
834 3349 885 3405 ges
923 3348 979 3389 me.
1002 3388 1005 3396 ,

114 3410 188 3468 aar
199 3410 326 3488 aspersio
339 3430 431 3488 aque.

113 3491 263 3569 Asperges
283 3512 338 3565 me,
357 3492 495 3564 Domine,
513 3490 648 3570 hyssopo,
663 3498 694 3549 et
714 3490 896 3550 mundabor:
917 3491 1029 3550 lavabis
1049 3511 1096 3550 me
1117 3497 1148 3550 et
1168 3511 1256 3571 super

54 3572 154 3631 nivem
168 3572 332 3633 dealbabor.

115 3653 261 3715 Pramus.

114 3734 256 3795 Miserere
271 3734 339 3808 mei,
354 3736 455 3795 Deus:
474 3734 636 3794 secundum
656 3754 794 3813 magnam
813 3734 1043 3793 misericordiam
1062 3740 1154 3794 tuam.
1195 3733 1255 3795 As·

91 3837 106 3872 r
168 3835 224 3876 me.

53 3835 90 3956 li
105 3832 155 3955 gilli¹
168 3897 330 3956 secundum
343 3897 567 3955 multitudinem
579 3897 803 3956 miserationum
822 3903 956 3955 tuarsm:
977 3894 1042 3954 dele
1062 3895 1252 3976 iniquitatem

52 3997 155 4036 meam.
198 3977 346 4056 Asperges
359 3998 415 4050 me,
430 3977 566 4036 Domine.

112 4058 216 4118 Gloria
230 4059 315 4118 Patri
328 4066 359 4117 et
372 4058 456 4116 Filio.
499 4059 648 4136 Asperges
661 4078 717 4130 me,
732 4056 868 4118 Domine.

112 4149 198 4232 [Hac
217 4151 389 4228 Antiphona
410 4151 520 4208 dicitnr
538 4151 573 4208 in
592 4151 755 4227 aspersione
775 4170 860 4226 aquae
878 4149 1053 4226 supradicta
1069 4150 1104 4210 in
1117 4153 1250 4212 cannabus

50 4232 216 4292 Dominicis
230 4254 286 4309 per
303 4253 417 4290 annum
434 4232 469 4289 de
483 4252 651 4308 quocunque
661 4235 701 4306 fit
718 4232 877 4304 seruitium,
889 4240 1089 4308 preterquam
1101 4253 1121 4291 a
1135 4233 1250 4295 Pasdsa

49 4335 140 4390 usqum
153 4315 195 4372 ad
208 4314 329 4374 Festum
341 4313 456 4373 Sanctae
473 4312 636 4370 trintum.
678 4311 804 4370 Interim
814 4321 948 4388 asperpat
959 4320 1089 4372 emendor
1100 4314 1251 4375 ministros

49 4415 117 4461 sacas
125 4396 158 4455 in
167 4394 263 4456 Uirro
273 4396 375 4456 ordine
385 4414 437 4452 suo
448 4402 571 4453 stantes:
585 4392 750 4469 incipiendo
760 4392 923 4454 aDiaccnc
933 4389 1036 4455 deinde
1045 4395 1087 4454 ad
1096 4394 1252 4473 infitiata
