2946 5002
605 368 701 432 Festa
721 366 857 433 Martii.
1054 327 1058 339 Ι
1289 360 1330 430 25

143 533 238 606 tribue,
253 554 429 611 quaesumus,
444 543 479 593 ut
498 536 561 611 ejus
578 535 805 606 interventione,
828 541 888 591 tuae
912 533 989 591 circa
1010 552 1063 590 nos
1083 533 1202 610 pietatis
1219 545 1333 608 semper

143 615 243 672 viscera
256 616 427 673 sentiamus.
472 615 528 674 Per
542 616 713 673 Dominum.

193 696 288 754 Lectio
303 696 432 753 Actaaat
445 696 648 772 Apostolorum
662 695 698 773 (i.
718 696 831 773 15-26).

193 776 232 834 In
245 778 349 834 diebus
363 777 432 850 illis,
447 778 617 854 Exsurgens
635 777 742 834 Petrus
756 797 847 852 aeque
864 777 905 833 ad
921 782 951 834 et
969 781 1181 834 annumeratus
1199 781 1244 833 est
1265 795 1331 832 cum

140 858 267 915 undecim
282 859 429 934 apostolis.

195 938 331 997 Gradaic.
351 992 354 999 ,
375 939 544 997 constitues
559 959 614 996 eos.

194 1020 325 1077 Tractat.
370 1020 430 1089 Qui
443 1021 596 1077 seminant.

193 1099 360 1159 Secaadara
381 1100 555 1158 Mattiaeara
576 1100 632 1177 (ai.
649 1099 765 1176 25-30).

192 1181 231 1238 In
259 1181 312 1238 illo
340 1187 482 1257 tempore,
505 1181 698 1257 Respondeas
721 1181 810 1239 Jesus
838 1180 933 1238 dixit:
970 1179 1120 1237 Confiteor
1148 1179 1212 1251 tihi,
1242 1178 1333 1236 Pater

137 1281 221 1336 asqac
235 1264 276 1318 ad
290 1268 321 1320 et
334 1282 409 1320 onus
422 1283 522 1320 meum
535 1263 608 1320 leve.

192 1342 295 1400 Credo.

193 1422 389 1497 Offertoriam.
433 1424 472 1481 In
485 1443 602 1481 omnem
616 1431 734 1481 terram.

191 1502 314 1563 Secreta.

192 1585 283 1657 Deus,
316 1586 369 1662 qui
399 1585 556 1661 proditoris
587 1590 728 1661 apostatae
758 1584 886 1655 ruinam,
915 1604 953 1641 ne
982 1583 1182 1660 apostolorum
1212 1590 1333 1640 tuorum

134 1684 272 1723 numerus
290 1673 420 1724 sacratus
433 1667 612 1743 perfectione
626 1672 746 1737 careret,
762 1666 843 1723 beati
857 1665 995 1722 Matthiae
1014 1665 1155 1722 electione
1169 1663 1332 1740 supplesti;

135 1747 289 1822 praesentia
309 1767 433 1805 munera
452 1747 611 1816 sanctifica,
633 1754 663 1803 et
682 1767 734 1823 per
755 1767 789 1804 ea
809 1766 863 1804 nos
883 1747 986 1822 gratiae
1007 1753 1066 1803 tuae
1083 1747 1230 1804 confirma.
1275 1744 1334 1801 Per

135 1827 296 1885 Dominum
310 1835 445 1885 nostrum
458 1828 480 1886 J
481 1847 564 1885 esum
579 1828 731 1885 Christum
746 1828 856 1884 Filium
869 1834 964 1886 tuum.

194 1907 375 1967 Oommaaio.
417 1909 482 1966 Vos
496 1909 549 1984 qui
562 1909 662 1966 secuti.

192 1989 437 2047 Pootcomrnaaia

192 2063 319 2137 Praesta.
343 2090 518 2146 quaesumus,
548 2070 734 2146 omnipotens
761 2074 791 2126 et
818 2069 983 2126 misericors
1010 2068 1101 2141 Deus,
1130 2073 1166 2125 ut
1192 2087 1245 2144 per
1269 2066 1332 2124 haec

135 2155 234 2208 sancta
264 2171 330 2227 quae
360 2152 547 2227 sumpsimus,
578 2151 796 2208 interveniente
823 2151 910 2207 beato
941 2149 1074 2207 Matthia
1107 2147 1238 2226 apostolo
1270 2155 1333 2220 tuo,

135 2232 248 2288 veniam
262 2251 476 2308 consequamur
490 2239 519 2289 ct
533 2252 641 2308 pacem.
686 2231 744 2289 Per
757 2231 929 2290 Dominum.

257 2411 370 2470 Saron
390 2413 516 2482 Annmr,
538 2428 673 2470 nrrsooiu
694 2428 731 2468 nr
752 2427 959 2470 cournssonrs.
1003 2408 1086 2488 (Kal.
1103 2407 1208 2486 Mart.)

195 2525 336 2600 Officium.
380 2527 494 2584 Statuit
508 2527 542 2583 ei.

193 2607 302 2665 Oratio.
351 2608 408 2679 Da,
425 2627 600 2683 quaesumus.

194 2687 335 2763 Epistola.
378 2688 496 2765 Optavi.

195 2767 329 2826 Oradaie.
372 2768 482 2826 lnveni
496 2769 603 2825 David.

193 2849 393 2924 Ecaaqciiaac.
436 2849 501 2906 Vos
515 2851 585 2907 estis
599 2850 642 2906 sal
656 2856 742 2907 terrae
756 2870 846 2925 asqac
860 2851 901 2907 aci
914 2850 946 2906 in
960 2868 1050 2925 regno
1065 2847 1211 2906 caelorum.

196 2931 388 3005 Offcrtoriaat.
431 2931 562 2988 Veritas.

197 3011 378 3070 Ooatmaaio.
422 3011 519 3071 Semel
529 3012 639 3087 juravi.

218 3185 330 3243 Sauum
352 3185 476 3256 Canna,
492 3202 626 3243 n1>1soor1
648 3202 685 3242 nr
706 3187 935 3245 cournssorusr
977 3185 1029 3262 (vi.
1045 3186 1125 3244 Non.
1142 3185 1248 3263 Mart.)

198 3301 339 3376 Officium.
381 3302 495 3359 Statuit
508 3303 536 3358 ei
550 3303 705 3360 Dominus

198 3382 307 3440 Oratio.
352 3382 530 3442 Communis.

196 3462 336 3538 Epistola.
381 3465 456 3521 Ecce
470 3464 603 3521 sacerdos
617 3483 749 3539 magnus.

199 3543 332 3601 Gradaia
375 3544 505 3602 Juravit.
746 3541 751 3553 ’

197 3624 329 3682 Tractus.
373 3625 485 3683 Beatus
499 3626 554 3682 vir.

194 3705 395 3780 anapaiiaoc.
438 3706 541 3763 Nolite
554 3707 668 3779 timere,
685 3706 811 3783 pusillus
825 3727 906 3783 grex.

197 3786 390 3860 Offirtoriam.
434 3787 556 3844 Veritas
570 3807 644 3846 mea.

197 3867 379 3926 Oomacaaio.
423 3867 534 3924 Beatus
548 3888 658 3925 servus,

252 4046 363 4103 Saron
386 4045 550 4117 Ganoonu,
573 4060 658 4101 rara
678 4061 715 4102 ar
736 4059 943 4102 courassoms.
986 4041 1038 4122 (iv.
1055 4041 1101 4098 Id.
1119 4038 1224 4117 Mart.)

204 4160 343 4235 Officium.
387 4160 565 4217 Sacerdotes.

201 4241 310 4299 Oratio.

196 4321 286 4394 Deus,
301 4323 353 4398 qui
373 4323 479 4379 animae
503 4321 609 4378 famuli
627 4320 673 4376 tui
695 4319 831 4395 Gregorii
852 4325 970 4375 aeternae
994 4315 1190 4373 beatitudiuis
1214 4316 1336 4393 praemia

196 4453 208 4478 ¹
225 4454 286 4499 This
302 4455 368 4500 Mass
384 4455 407 4498 is
424 4457 466 4500 not
482 4452 557 4497 found
572 4452 599 4495 in
615 4464 663 4509 any
673 4451 698 4496 cf
712 4451 752 4496 the
763 4450 816 4500 MS.
830 4447 935 4503 Missua,
946 4449 1032 4505 except
1046 4445 1075 4505 B,
1086 4447 1165 4493 where
1181 4445 1201 4493 it
1217 4446 1261 4492 has
1277 4445 1337 4492 been

139 4511 213 4559 added
222 4514 248 4558 in
257 4528 272 4559 a
281 4515 342 4559 later
349 4513 414 4558 hand
424 4527 456 4558 on
466 4513 507 4557 tho
517 4510 619 4567 margin.
