2946 5002
541 347 637 413 Festo
657 347 815 433 loquat.

203 514 264 585 Qui
277 512 376 572 Patris
389 513 470 572 sedes
483 513 521 572 ad
533 513 694 586 dexteram,

201 594 315 654 Nostra
328 595 437 653 exaudi
449 595 620 672 angelorum

201 675 244 733 Et
256 675 434 733 famulorum
442 676 569 753 jungens
582 694 652 734 voce
665 674 849 753 precamina3

113 762 116 768 '
201 756 323 815 Horum
335 756 456 815 vocibus
468 761 505 814 ut
517 762 635 815 caterva

201 836 353 896 Gloriiicet
365 856 480 914 semper
492 841 523 896 te
536 842 568 895 et
579 842 680 895 nostra

201 917 389 995 Regnantem
397 919 466 994 jure
479 937 547 975 cum
559 917 668 975 sanctis
681 917 714 974 in
727 922 880 975 aeternum.
896 987 897 990 Ἴ

137 1021 343 1099 Eoorrqelicm.
386 1021 482 1080 Venit
501 1022 524 1082 J
525 1041 591 1081 esus
611 1022 644 1080 in
667 1027 767 1099 partes
785 1022 924 1082 Ooesereae
941 1020 1083 1099 Philippi,
1102 1019 1217 1096 require
1236 1018 1288 1078 in·

74 1101 313 1243 Oatlgptgppcjua

140 1274 333 1350 offertorium.
375 1275 545 1335 Constitues
557 1295 606 1335 eos
618 1276 772 1354 principos.

138 1368 283 1510 gbolrrltldm
304 1450 371 1525 tibi,
385 1451 522 1528 Domine,
536 1450 711 1511 sacrificium
733 1449 865 1509 vivificet
886 1468 940 1508 nos
962 1468 1077 1526 semper
1098 1452 1129 1507 et
1145 1446 1269 1507 muniat

78 1530 212 1670 Palilia
224 1609 337 1670 Secreto
350 1614 385 1673 dc
398 1613 590 1690 Marspiter.

139 1691 263 1765 Votiva‚
285 1692 421 1766 Domine,
442 1695 582 1772 mysteria
602 1698 770 1751 sanctorum
790 1697 911 1750 tuorum
928 1691 1080 1750 sollemnia
1091 1690 1271 1749 celebrantes

76 1773 187 1833 devota
199 1779 299 1832 mente
311 1780 480 1848 tractamus,
495 1775 603 1852 quibus
615 1774 700 1832 nobis
720 1779 751 1833 et
770 1773 938 1850 praesidium
953 1778 1064 1833 crescat
1076 1777 1107 1830 et
1119 1771 1268 1849 gaudium.

77 1853 291 2010 Perl'raefotio.
334 1936 375 1993 Et
395 1942 435 2010 te,
450 1936 587 2009 Domine,
603 1932 784 2012 suppliciter.

139 2026 358 2178 gd'bdwlh'thuiim
372 2115 403 2166 et
416 2129 504 2186 super
516 2109 592 2168 hanc
605 2114 721 2186 petram
735 2107 883 2166 aedificabo
898 2105 1059 2165 Ecclesiam
1073 2124 1176 2163 meam.

140 2200 383 2260 Poctcommum'o.

141 2280 279 2358 Corporis
304 2282 380 2340 sacri
406 2288 437 2339 et
462 2282 584 2359 pretiosi
610 2281 762 2360 sanguinis
788 2281 894 2357 repleti
920 2279 1069 2351 libamine,
1094 2297 1270 2355 quaesumus,

80 2362 207 2420 Domine
221 2362 304 2420 Deus
317 2369 424 2436 noster,
439 2370 474 2420 ut
487 2364 566 2441 quod
579 2363 628 2439 pia
648 2363 802 2421 devotione
821 2362 957 2440 gerimus,
973 2361 1172 2420 intercedente
1185 2361 1271 2418 beato

80 2443 170 2501 Petro
183 2443 315 2520 apostolo
327 2449 389 2517 tuo,
406 2449 486 2502 certa
498 2444 699 2522 redemptione
712 2445 868 2520 capiamua
910 2443 976 2503 Per.

138 2536 211 2593 Atio
224 2537 467 2596 Pootcommum'o.

139 2616 260 2689 Praesta,
287 2637 460 2694 quaesumus,
486 2617 671 2695 omnipotens
694 2618 785 2684 Deus,
799 2622 835 2674 ut
857 2635 983 2693 quorum
996 2614 1168 2674 memoriam
1181 2632 1272 2672 sacra·

78 2697 172 2834 ssenli
184 2698 411 2776 participatione
424 2699 588 2770 recolimus,
603 2699 692 2757 fidem
704 2718 821 2775 quoque
833 2697 1011 2775 proficiendo
1024 2701 1176 2756 sectemur.
1213 2695 1272 2752 Per

110 2798 251 2836 omrnum.

319 2959 430 3018 Saucrr
450 2959 615 3032 Serenam,
638 2976 729 3019 earn.
774 2961 823 3039 (iv.
839 2961 919 3020 Non.
935 2959 1029 3038 Aug.)

140 3099 281 3175 Officium.
323 3101 431 3160 Justus
444 3108 481 3160 ut
493 3102 598 3181 palma.

141 3180 252 3240 Oratio.

138 3261 230 3333 Deus,
244 3261 297 3338 qui
320 3282 374 3321 nos
396 3263 478 3322 beati
499 3263 643 3340 Stephani
664 3266 803 3342 martyris
825 3265 873 3322 tui
896 3270 986 3341 atque
1008 3264 1158 3341 pontilicis
1171 3282 1270 3322 annua

78 3341 275 3401 sollemnitate
295 3342 434 3418 laetificas,
455 3345 579 3403 concede
598 3346 752 3422 propitius,
773 3352 809 3404 ut
831 3347 915 3422 cujus
934 3346 1072 3405 natalitia
1092 3346 1214 3404 colimus
1233 3344 1270 3401 de

77 3423 209 3501 ejusdem
222 3425 312 3481 etiam
325 3425 510 3502 protectione
520 3425 706 3501 gaudeamus.
749 3427 815 3487 Per.

137 3520 279 3597 Epiotolc.
322 3522 427 3582 Omnis
441 3523 583 3601 pontisera

139 3613 274 3672 &adan
315 3614 338 3673 J
339 3621 423 3673 ustus
435 3635 496 3672 non
510 3617 742 3675 conturbabitur.

138 3694 287 3772 Alleluyo.
334 3696 363 3755 V.
385 3697 498 3755 Beatus
511 3698 559 3754 vir
571 3697 624 3774 qui
637 3697 732 3756 timet.

138 3785 341 3863 Eoochlium.
383 3790 485 3853 Homo
499 3790 619 3866 quidam
633 3791 747 3850 nobilis.

140 3878 332 3954 Offcrtooicm.
374 3882 484 3941 Inveni
497 3883 604 3942 David.

262 3973 281 4006 ἃ

137 3971 267 4112 'diffide
276 4055 341 4129 tibi,
354 4056 488 4130 Domine,
502 4057 599 4115 dicata
607 4058 763 4131 sanctifica,
773 4063 804 4117 et
812 4057 1013 4116 intercedente
1021 4058 1108 4115 beato
1119 4051 1268 4131 Stephano

77 4140 287 4276 ffipmtuo
313 4144 403 4214 atque
429 4139 575 4216 pontifice,
595 4159 650 4216 per
675 4140 776 4198 eadem
801 4158 855 4197 nos
874 4139 1006 4215 placatus
1026 4136 1177 4225 intende
1210 4133 1269 4193 Per

136 4359 149 4384 ¹
164 4358 218 4406 MS.
235 4361 394 4408 D.—Hostics
413 4365 509 4420 nostras
528 4362 581 4422 tibi,
617 4375 747 4419 pessumus,
767 4361 878 4418 Domine,
896 4360 981 4406 reddat
999 4362 1109 4420 acceptas
1127 4360 1268 4408 intercessio

77 4417 166 4524 elffii}
166 4419 283 4526 182me
289 4421 401 4482 martyris
411 4421 448 4467 tui
457 4425 528 4480 atque
537 4435 586 4481 pon
599 4422 605 4432 “
625 4421 666 4481 cis,
677 4421 718 4480 qui
726 4432 767 4466 eas
776 4420 849 4481 digne
859 4419 980 4466 offerendo
990 4419 1035 4481 tibi
1044 4419 1194 4481 complacuit
1220 4422 1268 4468 Per
