2946 5002
578 370 674 434 Festa
695 367 887 433 Februarii.

140 535 215 592 Audi
228 554 292 608 nos,
306 555 378 592 nam
391 541 422 593 te
435 536 514 593 filius
527 535 604 592 nihil
617 555 727 611 negans
741 535 873 593 honorat.

141 616 221 673 Salva
234 636 298 688 noe,
313 617 336 674 J
336 637 396 688 esu,
411 637 465 692 pro
478 617 586 692 quibus
600 617 683 692 virgo
696 622 791 673 mater
804 623 835 673 te
849 623 922 675 orat.

139 697 181 755 Da
193 697 309 754 fontem
322 699 393 754 ritae
407 698 501 755 visere
516 719 522 754 :
546 698 584 754 da
596 717 685 772 puros
699 697 807 754 mentis
821 698 919 756 oculos
932 698 965 754 in
978 704 1009 754 te
1021 696 1147 772 defigere
1159 716 1167 768 3

140 777 200 846 Quo
212 778 320 836 hausto
334 779 485 854 sapientiae
499 798 632 854 saporem
646 797 714 834 vere
728 778 826 834 valeat
839 798 921 837 mens
934 777 1108 854 intelligere,
1126 845 1129 852 ,

138 857 355 916 Christianismi
367 859 456 916 fidem
470 859 606 935 operibus
619 859 772 930 redimere,
789 859 934 936 beatoque
947 859 1014 932 fine,

137 939 181 996 Ex
194 939 284 1014 hujus
297 940 429 997 incolatu
442 941 549 1011 saeculi,
565 945 668 997 auctor
680 939 718 996 ad
732 946 762 996 te
772 941 906 998 transire.

198 1019 249 1078 Vel
262 1021 397 1090 Tractus,
412 1021 439 1078 ei
451 1020 537 1096 infru
550 1019 798 1096 Septaopeeimom
811 1023 941 1079 evenerit.

194 1100 299 1158 Gaude
312 1101 412 1159 Maria
425 1102 509 1177 virgo
523 1108 643 1158 cunctas
656 1101 779 1158 haereses
793 1101 854 1159 sola
867 1101 1052 1160 interemisti

143 1181 170 1238 V.
192 1181 266 1250 Quae
281 1182 428 1240 Gabrielis
442 1181 608 1258 archangeli
619 1182 705 1239 dictis
719 1182 875 1242 credidisti.
1296 1225 1302 1249 ,

142 1262 273 1320 V.Dum
294 1263 379 1339 virgo
401 1263 500 1320 Deum
530 1271 561 1320 et
591 1263 741 1319 hominem
772 1264 910 1339 genuisti,
938 1269 969 1322 et
1000 1269 1067 1340 post
1099 1266 1218 1338 putum
1248 1259 1332 1337 virgo

138 1342 278 1400 inviolata
294 1344 488 1419 permansisti.

142 1423 168 1482 V.
191 1424 250 1481 Dei
263 1425 409 1500 genetrix,
423 1424 571 1482 intercede
584 1443 637 1500 pro
651 1424 744 1481 nohis.

192 1515 362 1574 Secundam
376 1516 489 1574 Lucam
503 1516 553 1595 (ii.
570 1516 686 1593 22-32).

194 1597 233 1654 In
253 1597 306 1654 illo
327 1603 468 1673 tempore,
484 1597 646 1672 Postquam
667 1597 784 1673 impleti
807 1602 878 1656 sunt
899 1598 961 1656 dies
983 1597 1166 1675 purgationis
1187 1616 1278 1672 usqae
1294 1596 1334 1653 ad

137 1677 226 1754 plebis
240 1685 300 1735 tuae
315 1678 416 1736 Israel.

194 1758 296 1816 Credo.

195 1847 390 1922 Ofirtorium.

194 1931 262 1987 Ave
276 1930 375 1987 Maria
384 1930 481 2006 gratia
491 1931 586 2007 plena,
599 1932 748 1989 Dominus
760 1937 877 2006 tecum;
896 1932 1052 1990 benedicta
1064 1938 1100 1989 tu
1109 1932 1141 1989 in
1152 1930 1333 2002 mulieribus,

136 2016 163 2068 et
175 2009 347 2068 benedictus
361 2011 477 2069 fructus
490 2013 604 2070 ventris
617 2013 672 2073 tui.

192 2102 316 2162 Secreto.

138 2238 140 2245 .
193 2185 321 2257 Exaudi,
346 2186 483 2256 Domine,
506 2207 605 2262 preces
631 2193 764 2260 nostras3
795 2193 834 2258 et,
857 2192 893 2245 nt
916 2187 1006 2264 digna
1032 2188 1093 2244 sint
1119 2204 1243 2243 munera
1270 2203 1334 2260 quae

136 2265 223 2402 geuthe
241 2272 302 2324 tuae
315 2268 484 2347 'majestatis
500 2269 657 2341 offerimus,
679 2268 843 2326 subsidium
864 2273 923 2326 tuae
943 2267 1064 2346 pietatis
1083 2267 1168 2324 nobis
1188 2264 1332 2343 impende.

160 2367 198 2404 er.

192 2427 344 2503 Praefatio.
389 2429 448 2498 Qui
461 2449 515 2506 per
527 2430 681 2489 incarnati.
727 2428 778 2511 [Er
791 2429 850 2490 brec
863 2429 997 2506 Pra‘atio
1011 2430 1032 2488 d
1034 2429 1129 2488 icatur
1143 2428 1201 2486 eice
1214 2427 1335 2504 Septua-

134 2510 240 2584 9eeima
249 2510 386 2585 precedat
399 2510 456 2568 eive
470 2511 725 2586 aequatae—MS.
740 2509 794 2592 A.]

194 2601 382 2760 ldiehlhbldbdiirii
396 2685 508 2761 accepit
522 2684 651 2760 Symeon
660 2705 679 2742 a
690 2684 805 2762 Spiritu
816 2684 924 2743 Sancto
932 2703 992 2742 non
1001 2683 1137 2742 vaurum
1150 2701 1181 2740 se
1194 2687 1333 2740 mortem:

136 2763 193 2821 nisi
204 2765 320 2822 videret
335 2764 487 2822 Christum
501 2766 632 2826 Domini.

194 2857 439 2915 Poeteommune'o.

194 2938 377 3011 Quaesumus,
402 2939 532 2997 Domine
553 2939 635 2998 Dens
655 2947 764 3012 noster,
788 2946 823 2997 nt
844 2944 1027 2997 sacrosancta
1044 2936 1184 3014 mysteria
1198 2956 1263 3013 quae
1280 2955 1334 3014 pro

137 3020 328 3094 reparationis
349 3026 457 3077 nostrae
478 3021 641 3078 munimine
659 3021 820 3093 contulisti,
838 3021 1037 3078 intercedente
1050 3020 1138 3077 beata
1150 3037 1265 3095 semper
1277 3018 1335 3076 vir-

137 3099 203 3236 {ine
217 3099 328 3192 illaria,
350 3107 381 3158 et
400 3121 528 3176 praesens
546 3102 632 3159 nobis
655 3103 817 3160 remedium
838 3121 899 3159 esse
923 3102 1013 3160 facias
1036 3106 1067 3159 et
1090 3100 1233 3159 futurum.
1276 3097 1336 3156 Per

168 3193 306 3240 Omnium.

258 3378 371 3435 Saron
392 3377 508 3447 Busan,
530 3393 665 3435 nrrscorr
687 3394 725 3434 nr
746 3393 908 3434 naariam.
960 3373 1014 3454 (iii.
1030 3373 1111 3432 Non.
1126 3371 1211 3449 Feb.)

199 3519 339 3592 Officium.
382 3517 555 3574 Laetabitur.

200 3599 309 3657 Oratio.
354 3629 359 3638 ·

197 3680 392 3755 Omnipotens
406 3679 583 3755 sempiterne
597 3678 687 3750 Deus,
712 3678 764 3754 qui
785 3678 906 3734 beatum
928 3675 1062 3732 Blasium
1085 3673 1240 3751 praesulem
1261 3690 1335 3728 mar-

142 3764 291 3836 tyremque
305 3766 390 3816 tuum
404 3779 496 3836 agone
504 3760 674 3816 certaminis
694 3766 747 3815 tuo
766 3777 865 3815 amore
876 3757 1027 3828 roborasti,
1041 3755 1165 3813 concede
1179 3751 1332 3829 propitius,

142 3845 173 3896 ut
185 3842 267 3917 cujus
279 3841 466 3918 triumphum
478 3839 633 3897 recolimus
646 3841 679 3896 in
692 3839 787 3912 terris,
800 3839 864 3915 ejus
873 3838 1008 3915 precibus
1018 3836 1194 3913 adjuvemur
1204 3833 1236 3889 in
1247 3831 1331 3889 caelis.

145 3919 204 3979 Per.

199 4001 338 4078 Epistola.
382 4001 491 4058 Beatus
505 4001 553 4057 vir
566 4002 619 4077 qui
633 4001 664 4057 in
679 4000 830 4076 sapientia.

201 4082 314 4140 Gradal
328 4127 333 4139 .
377 4083 398 4140 J
399 4089 484 4140 ustus
497 4089 532 4139 ut
545 4082 650 4157 palma.

199 4164 347 4239 Alleluya.
396 4164 424 4222 V.
447 4164 468 4221 J
471 4173 555 4220 ustus
569 4181 630 4218 non
643 4161 877 4218 conturbabitur.

200 4243 400 4319 danageldum.
444 4244 513 4300 Nisi
526 4261 652 4318 granum
666 4242 816 4299 frumenti.

204 4324 394 4399 Offirtoriam.
435 4325 475 4381 In
488 4325 609 4382 virtute.

203 4404 320 4464 Secreto.

203 4485 304 4560 Sacris
319 4505 497 4562 qnaesumus,
514 4483 651 4553 Domine,
666 4482 781 4558 placare
795 4482 920 4540 oblatis:
942 4483 973 4536 et
986 4477 1169 4555 supplicante
1183 4498 1237 4558 pro
1254 4476 1339 4536 nobis
