2946 5002
659 352 799 435 Prosa-
1254 354 1317 434 313
1339 435 1340 440 η

126 523 192 594 Quo
201 523 265 598 jam
278 521 377 580 intra*
389 521 501 598 palatia
514 525 626 579 stantes
640 538 776 597 suprema
793 519 855 594 laeti
867 519 1058 596 gratulemur,
1070 518 1174 595 ,adepti
1186 517 1337 596 polorum

203 623 294 680 regna
306 623 314 677 3
338 604 436 697 ‘quia†
467 609 528 676 tua,
550 600 673 672 Praesul,
698 601 834 660 sistentes
859 600 915 659 hac
937 601 1006 688 aula
1024 600 1187 677 jubilamus
1206 600 1322 676 ingenti

124 684 413 833 Reoiiiiiielsaediiiii’a
426 784 506 823 nunc
519 763 653 839 celsaque
666 761 812 838 Alleluya.
848 795 852 804 ·

636 947 806 1023 nxxvn.

445 1065 495 1123 Dn
515 1074 629 1127 cancro
657 1060 761 1124 Pnrno
781 1081 824 1123 an
839 1064 1000 1124 Vmoum.

205 1178 303 1236 Somn
363 1213 365 1217 «
380 1192 438 1234 arn
452 1194 601 1236 aurionno
615 1176 776 1256 apostolica
789 1176 844 1234 lux
856 1175 939 1234 adest
952 1175 1087 1252 gloriosa,

206 1259 272 1328 Qua
285 1278 351 1316 reco
374 1264 388 1314 t
400 1258 475 1315 festa
488 1257 574 1316 Petri
587 1258 725 1330 Ecclesia,

206 1339 303 1416 Supra
316 1338 404 1396 fidem
417 1338 509 1414 ipsius
522 1340 671 1398 aedificata
697 1342 700 1346 ’
793 1366 794 1369 ’

205 1418 398 1477 Providentia
410 1420 515 1495 utique
528 1420 631 1478 divina
643 1417 878 1495 contemptibilia

204 1498 411 1577 Ignobiliaque
424 1501 528 1557 mundi
542 1501 623 1577 legit,
637 1507 673 1557 ut
685 1499 819 1577 perderet
832 1499 927 1557 fortia

130 1653 132 1658 .
204 1580 296 1639 Unde
310 1581 434 1638 Petrum
447 1581 565 1642 vocavit
578 1586 683 1639 natum
697 1578 857 1638 Bethsaida

204 1661 227 1719 J
227 1681 302 1734 esus,
317 1661 387 1718 dum
401 1661 459 1718 iret
468 1663 558 1738 juxta
572 1661 701 1719 Galilaeae
715 1660 824 1720 littora.

206 1741 303 1811 Quam
317 1748 435 1818 accepta
446 1761 595 1818 quamque
608 1742 735 1819 gloriosa
748 1740 830 1798 fuere
843 1739 906 1798 haec
919 1739 1098 1798 commercia.

204 1822 231 1878 P
251 1847 267 1881 a
331 1823 452 1880 dimissa
465 1822 603 1880 navicula
616 1822 705 1880 datur
718 1821 746 1879 ei
758 1820 886 1898 regenda
900 1821 1031 1879 Ecclesia
1042 1841 1051 1894 ;

206 1902 324 1978 Quique
343 1903 437 1979 pisces
456 1903 594 1961 trahebat
615 1904 651 1962 de
664 1903 754 1961 maris
773 1922 858 1980 aqua,
874 1902 937 1978 ipse
958 1902 995 1960 de
1015 1900 1121 1958 mundi
1141 1904 1255 1957 tractus
1275 1904 1321 1956 est

285 1983 385 2057 unda;

169 2089 170 2094 ¹
205 2063 310 2140 thue
323 2064 396 2122 alios
409 2063 509 2143 trahat
525 2081 632 2142 magna
645 2064 702 2122 sihi
715 2084 733 2122 a
748 2063 867 2123 Christo
880 2062 970 2120 datur
981 2062 1078 2121 virtus
1091 2067 1122 2120 et
1135 2060 1239 2139 gratia.
1267 2129 1268 2133 ἵ

205 2144 286 2201 Nam
299 2150 331 2202 et
344 2145 379 2217 ci,
394 2163 473 2203 cenae
486 2145 561 2203 mira
577 2145 694 2222 quando
708 2145 894 2203 celebrantur
906 2144 1068 2216 sollemnia,

205 2225 267 2282 Pro
280 2244 379 2282 amore
393 2245 452 2301 quo
464 2226 598 2283 fervebat
611 2226 777 2288 animarum
787 2225 948 2282 traduntur
960 2223 1058 2282 ovilia.
1167 2247 1169 2252 ·

205 2305 275 2383 Ipse
288 2306 424 2363 claudum
438 2307 490 2382 qui
506 2307 623 2383 jacebat
636 2307 674 2364 ad
694 2313 810 2383 portam
830 2305 935 2382 templi
954 2305 1057 2362 divina
1069 2305 1183 2362 virtute
1201 2302 1322 2361 functus

285 2386 398 2444 elevat:

205 2466 284 2536 Quia
296 2466 510 2525 claudicantem
523 2467 605 2544 prius
618 2468 640 2525 J
642 2467 755 2525 udaeam
769 2487 846 2525 nova
858 2466 928 2524 fidei
940 2467 1036 2526 virtus
1049 2466 1183 2524 levatura
1196 2471 1268 2538 erat,

204 2547 303 2622 [psius
315 2548 428 2605 virtute
441 2548 577 2605 miranda
589 2549 693 2606 alitrix
706 2567 865 2624 egenorum
878 2553 979 2606 sancta

205 2628 279 2704 Qnae
292 2628 356 2685 vita
369 2629 465 2686 carriit
478 2629 641 2686 resurrexit
653 2628 788 2686 Tabitha.

203 2708 328 2767 Visione
342 2709 399 2766 sihi
412 2716 529 2767 ostensa
542 2709 708 2767 centurioni
722 2709 849 2786 gloriosa

153 2856 156 2863 Ι
204 2789 291 2846 Fidei
302 2789 437 2847 minister
449 2790 619 2867 propinavit
631 2789 742 2867 pocula.

204 2869 306 2947 Hujus
319 2871 451 2929 oratione
462 2870 569 2929 devota

205 2949 313 3008 Sancta
326 2956 498 3028 protegatur
510 2951 650 3024 Ecclesia,

204 3029 376 3090 Laudatura
389 3032 488 3092 Deum
501 3039 569 3091 cuin
579 3032 688 3090 sanctis
701 3033 734 3089 in
747 3038 900 3091 aeternnm.
991 3106 995 3113 Ι

637 3214 791 3272 LXVIII.

576 3327 676 3384 anm
696 3328 872 3404 susurnass

124 3437 191 3508 Em,
206 3452 297 3508 nuso,
311 3452 365 3494 n1c
375 3434 475 3512 'quaeso
488 3436 627 3512 praeclara
640 3437 753 3510 chorea,

123 3516 343 3593 Blandificaque
356 3517 451 3575 libens
463 3522 612 3594 perstrepe
626 3537 742 3594 organa.

122 3595 181 3655 Ast
194 3597 348 3655 modulans
361 3598 435 3655 tibia
449 3598 573 3655 resultet
585 3598 698 3675 plectro
711 3598 834 3657 laudum
848 3599 917 3656 laeta
929 3597 1068 3671 carmina,

123 3677 293 3753 Nostraque
306 3684 425 3743 caterva
438 3678 526 3755 hujus
539 3678 600 3736 diei
612 3679 758 3756 euprepia.

122 3757 265 3835 Paracliti
278 3757 422 3816 charisma
435 3758 489 3816 hac
502 3759 550 3816 die
564 3758 717 3835 §alumnos
731 3759 844 3818 Christi
857 3759 962 3837 plene§
980 3760 1091 3832 intrat3

123 3839 214 3897 Facto
227 3846 349 3915 repente
362 3859 441 3911 sono,
456 3839 565 3915 linguis
580 3839 693 3898 Christi
705 3840 809 3898 fantur
821 3840 976 3917 magnalia.

123 3918 241 3978 Vesano
255 3920 342 3996 plena
353 3926 436 3978 metu
449 3920 571 3996 perfidia
583 3927 682 3979 musto
695 3920 830 3979 alumnos
844 3919 961 3979 madere
974 3925 1069 3998 putat,
1082 3919 1211 3998 Spiritus
1223 3919 1319 3997 gratia

202 3999 338 4059 ardentes
351 4020 425 4077 quos
437 4000 535 4059 reddit
548 4001 668 4060 fervida

121 4080 276 4138 Anastasis
298 4087 417 4158 peracta
439 4081 647 4158 quinquagena
669 4082 812 4158 mysticus
836 4082 987 4160 penetrati}
1014 4081 1143 4158 Spiritus
1165 4087 1318 4158 pectorum

203 4161 317 4234 intima,
333 4161 440 4239 oppido
453 4161 577 4220 reddens
591 4162 782 4234 flammantia.

124 4239 199 4298 Mox
207 4243 316 4319 egressi
323 4262 425 4300 omnes
435 4242 521 4299 domo
534 4248 613 4301 tetra
622 4251 782 4320 peragrant
792 4263 872 4315 arva,
883 4242 1082 4301 diffundentes
1090 4242 1187 4300 Verbi
1196 4243 1317 4317 semina,

384 4369 508 4416 *MS.—“
515 4368 569 4422 Quo
579 4383 636 4416 nam
645 4369 758 4415 Intrant”
823 4369 1055 4431 tearum-“qut’‘

342 4428 356 4489 ‡
371 4428 402 4473 In
415 4429 456 4474 the
470 4428 557 4475 Sarum
570 4428 655 4474 Missal
664 4429 758 4476 “Faria
771 4429 841 4476 tertia
854 4433 910 4489 post
920 4429 1099 4475 Pentecosten.”

269 4486 395 4547 §ME-‘¹
402 4487 527 4534 alumnum
537 4487 627 4534 Christi
636 4488 726 4546 paone?
916 4489 925 4549 ΙΙ
941 4487 1168 4547 hid-penetraret
