2946 5002
640 345 736 410 reste
750 344 852 411 Maii.
872 398 876 408 .
1056 386 1061 396 ·
1306 348 1347 410 39

199 575 304 634 Siron
326 576 572 647 Uuasu1‚rsrn
591 594 629 634 nr
650 593 810 634 nsarrars.
855 576 929 655 (viii.
947 576 1016 636 Kal.
1032 576 1105 635 Jun.
1149 575 1222 654 May
1237 575 1298 653 25.)

206 722 344 798 Offieinrn.
387 723 558 782 Sacerdotes
578 723 644 780 Dei.

207 803 315 862 Oratio.

206 885 260 956 Da,
275 905 452 961 quaesumus,
467 885 655 962 omnipotens
669 887 760 957 Deus,
776 884 877 962 utqui
895 886 977 943 beati
998 885 1118 943 Urbani
1138 884 1279 961 martyris
1301 883 1348 942 tui

153 972 231 1042 atque
243 966 392 1042 pontificis
410 967 565 1024 sollemnia
582 967 711 1038 colimus,
730 969 794 1042 ejus
811 968 891 1044 apud
912 974 943 1025 te
965 966 1224 1035 intercessionibus
1245 966 1347 1042 adjuv-

152 1066 231 1106 emur.
274 1046 334 1104 Per
354 1047 518 1104 Dominum
538 1054 682 1105 nostrum.
1239 1052 1241 1056 '

202 1139 343 1215 Episnn.
387 1140 511 1198 Justum
525 1141 659 1200 deduxit.

202 1221 351 1297 Alleluya.
400 1221 430 1278 V.
452 1222 563 1279 Inveni
579 1221 685 1278 David.

149 1381 170 1441 A
202 1301 350 1377 Alleluya.
400 1302 429 1360 V.
453 1303 590 1360 Surrexit
614 1301 762 1360 Dominus
785 1322 863 1375 vere,
887 1308 918 1359 et
941 1302 1080 1379 apparuit
1104 1301 1213 1359 Petro:
1241 1300 1285 1359 vel
1311 1301 1346 1358 de

173 1403 320 1441 somnone.

200 1475 235 1534 Si
246 1497 311 1534 cero
322 1485 389 1552 post
402 1477 522 1534 Featnrn
537 1477 696 1534 Drinitatie
709 1478 838 1548 evenerit,
856 1487 925 1534 tnne
938 1476 1056 1534 dicatur
1064 1497 1074 1533 :

201 1555 335 1615 Grodak.
378 1556 508 1616 Juravit.

199 1638 400 1712 annpelinna.
442 1639 585 1714 Vigilate,
600 1640 670 1714 quia
685 1639 811 1697 nescitis.

201 1719 394 1793 Offertorinrn.
436 1720 546 1777 Inveni
559 1719 666 1778 David

199 1799 321 1859 Secreto.

201 1881 275 1939 Haec
289 1882 395 1952 hostia,
410 1882 548 1952 Domine,
564 1902 740 1957 quaesumus,
756 1881 897 1938 emundet
911 1886 1012 1937 nostra
1031 1878 1147 1950 delicta,
1162 1884 1192 1935 et
1206 1879 1244 1936 ad
1257 1878 1344 1935 saeri-

146 1961 238 2018 fieinm
252 1962 461 2020 celebrandum
474 1963 661 2020 subditorum
674 1964 732 2020 tibi
746 1982 866 2038 corpora
886 1967 1058 2035 mentesque
1072 1959 1241 2016 sanctificet.
1285 1960 1344 2017 Per

147 2040 303 2100 Dominum
323 2050 467 2101 nostrum.

201 2123 383 2182 Oonimnnio.
427 2124 538 2181 Fidelis
559 2144 668 2182 servus.

200 2205 463 2262 Poatcornninnio.*

199 2285 315 2344 Refecti
327 2287 554 2362 participatione
567 2287 698 2343 muneris
712 2285 796 2358 sacri,
809 2306 984 2361 quaesumus,
996 2285 1124 2343 Domine
1134 2285 1216 2340 Deus
1230 2287 1342 2355 noster,

147 2371 176 2423 ut
188 2368 271 2442 cujus
285 2369 475 2444 exsequimur
488 2367 610 2440 cultum,
626 2369 788 2425 sentiamus
802 2368 946 2425 effectum.
990 2367 1048 2424 Per
1061 2365 1233 2424 Dominum

247 2625 360 2683 Sauum
381 2625 568 2693 Aucusrrsr,
589 2623 770 2680 Arenoaun
792 2638 936 2680 nrrscorr.
980 2620 1042 2700 (vii.
1060 2619 1130 2678 Kal.
1146 2618 1234 2695 Jun.)

201 2771 341 2848 Qtticinni.
384 2771 499 2829 Statuit
513 2770 548 2828 ei.

201 2854 311 2923 Oratio.

199 2935 290 3007 Deus,
316 2933 369 3010 qui
396 2934 516 2990 beatum
541 2932 746 3008 Augustinum
775 2931 944 3008 pontificem
971 2931 1122 2987 doctorem
1142 2928 1252 3005 populo
1276 2946 1342 2983 con-

145 3016 249 3074 cessisti
264 3015 442 3092 Anglorum,
457 3014 550 3090 ipsius
563 3014 737 3071 interventu
751 3014 869 3070 veniam
882 3013 968 3069 nobis
982 3012 1080 3068 tribue
1100 3018 1295 3087 peccatorum,
1310 3014 1342 3064 et

144 3097 280 3173 cumipse
295 3096 455 3154 caelestium
469 3095 589 3171 praemia
602 3096 784 3171 gaudiorum.
828 3094 888 3151 Per
902 3093 1074 3150 Dominum.

196 3177 339 3252 Epistola.
383 3176 459 3233 Eece
473 3176 604 3232 sacerdos
618 3196 750 3251 magnus,
766 3174 817 3250 qui
832 3177 864 3230 in
878 3175 941 3231 vita
955 3194 1014 3230 sua.

199 3257 334 3316 (irridete.
377 3257 508 3315 Juravit.

196 3339 346 3415 Alleluya.
396 3339 425 3396 V.
448 3338 556 3396 Justus
570 3338 757 3414 germinabit.

197 3432 231 3490 Si
252 3443 375 3508 tempore
388 3431 529 3490 Paeclroli
549 3431 679 3501 evenerit,
697 3431 857 3488 secundani
877 3429 931 3488 erit
952 3428 1100 3501 Alleluya.
1150 3427 1178 3483 V.
1202 3421 1340 3482 Surrexit

142 3514 305 3585 altissimus,
322 3534 417 3589 quiere
430 3513 465 3570 in
478 3512 651 3570 Inventione
665 3521 770 3569 sanctie
785 3509 909 3580 Orneia;
932 3509 977 3567 vel
988 3511 1023 3567 de
1038 3508 1216 3566 ,incensiorn

196 3595 361 3669 Sequentia.
404 3594 501 3651 Adest
515 3594 607 3659 nobis,
622 3603 656 3669 nt
669 3594 703 3650 in
718 3592 877 3651 Oonnrinni
890 3591 983 3648 einins
997 3589 1172 3665 confessoris.

196 3676 396 3750 annpelinm.
439 3675 559 3745 Videte,
575 3675 704 3750 vigilate.

197 3756 391 3830 Offertorinnn.
434 3755 544 3812 Inveni
558 3756 665 3812 David.

195 3837 219 3895 S
311 3883 317 3896 .

196 3847 312 3989 Oiilaeid,
328 3937 504 3994 quaesumus,
520 3917 656 3984 Domine,
672 3935 796 3972 munera
809 3915 904 3973 fidelis
917 3913 1020 3990 populi
1040 3910 1154 3970 meritis
1174 3906 1337 3966 beatissimi

136 4001 251 4076 patroni
264 4000 360 4057 nostri
373 3999 538 4074 Augustini
552 3999 609 4055 tibi
625 3998 788 4054 reddantur
807 4003 934 4073 accepta,
949 3999 985 4051 ut
1003 3995 1041 4051 ab
1061 3991 1144 4050 omni
1163 3989 1336 4064 contagione

135 4082 245 4157 peccati
262 4081 372 4138 eisdem
393 4080 500 4156 quibus
518 4078 697 4137 famulamur
718 4078 866 4152 mysteriis
890 4077 1050 4134 clementer
1071 4070 1227 4130 emundari
1247 4089 1337 4127 mere-

137 4181 226 4219 amur.
271 4162 338 4218 Per.

193 4306 206 4331 *
221 4307 275 4352 MS.
286 4304 533 4352 D.-Poetcommnnio.
571 4304 707 4359 Smnentcs,
723 4302 833 4359 Domine,
850 4302 997 4346 sacramento
1017 4297 1127 4354 calestia,
1142 4297 1254 4355 pietatem
1271 4300 1336 4342 tuam

136 4366 221 4411 humili
230 4367 357 4412 devotione
373 4363 533 4422 deposcimus,
543 4366 571 4407 ut
582 4363 656 4417 illam,
667 4374 720 4419 quae
729 4362 755 4405 in
766 4362 836 4406 boote
847 4359 946 4406 Urbano
957 4359 1063 4415 martyre
1079 4360 1123 4401 tuo
1137 4361 1210 4415 atque
1225 4356 1338 4414 pontifico

136 4426 253 4483 flagravit,
262 4426 350 4470 fortem
360 4423 511 4468 dilectionem
523 4422 593 4466 nobis
603 4421 725 4478 benignus
735 4420 832 4478 aspires.
864 4419 911 4462 Per
921 4415 1057 4459 Dominum.

192 4485 228 4530 As
243 4486 336 4530 Sarum
