2946 5002
629 447 814 534 sequestre
838 447 1046 516 Omnmcnes.

357 617 404 677 Hi
417 622 488 676 sunt
496 614 671 675 candelabra
683 621 753 674 ante
767 616 867 674 Deum
879 615 1020 692 lucentis,

357 699 404 756 Hi
416 699 541 776 praelati,
556 698 633 756 celsa
645 697 755 755 summi
768 697 861 774 Regis
873 697 907 754 in
921 698 1012 768 curis,

356 779 403 838 Hi
416 779 460 838 sel
473 786 569 852 terrae,
583 777 617 836 hi
631 778 685 836 lux
698 778 813 849 mundi,
827 779 860 835 hi
873 777 952 836 clera
965 777 1030 836 eseli
1042 775 1177 836 lumina:

356 862 522 954 Oquantu·
533 879 624 954 quam
644 859 794 935 praeclsre,
809 879 899 935 quam
914 859 1046 935 jocunda
1058 859 1246 918 celebrantur
1262 858 1319 919 hac
1337 881 1440 920 mensa

354 1023 377 1083 J
377 1043 426 1081 am
436 960 644 1100 offlam
672 1039 788 1094 corone,
811 1021 876 1097 jam
904 1019 1048 1099 promisse
1075 1019 1146 1080 olim
1174 990 1276 1082 mensa
1304 1023 1366 1081 illis
1393 1031 1439 1082 est

435 1103 577 1180 appositu

248 1177 252 1185 ’
354 1183 417 1243 Hic
429 1190 532 1242 nostra
544 1183 606 1240 sint
618 1180 781 1257 sollemnia,

355 1266 424 1323 Sint
437 1270 516 1334 vote,
531 1264 594 1321 sint
606 1263 761 1339 praeconis,

354 1345 423 1404 Sint
435 1350 520 1422 grata
533 1344 656 1402 laudum
669 1343 809 1404 carmina.

291 1486 368 1549 Item
381 1491 416 1548 dc
429 1487 574 1565 apostolis.
623 1484 789 1563 Sequentia.

432 1586 473 1646 In
485 1586 621 1645 sollemni
633 1585 775 1644 memoris
787 1586 987 1663 apostolorum
999 1586 1151 1665 principis,

432 1667 495 1726 Pise
508 1667 606 1726 laudis
618 1666 858 1726 harmonislaetis
868 1672 985 1727 resonet
997 1667 1141 1742 canticis.

428 1749 616 1807 Veneremur
629 1747 718 1806 simul
732 1747 798 1824 pari

430 1830 565 1908 Dignum
576 1828 669 1887 'hudo
682 1828 827 1900 reuereri,

470 1910 652 1988 Apostolum
665 1910 808 1988 gentium.

430 1993 478 2051 Ut
492 2010 566 2069 quos
578 2010 662 2049 emor
674 1991 739 2050 vite
753 1989 870 2068 junxit,

430 2073 462 2130 N
463 2092 496 2131 ec
509 2091 589 2130 mors
602 2072 667 2149 ipss
678 2077 746 2149 post
759 2071 917 2148 disjunxit,

468 2152 490 2211 J
490 2158 585 2229 ungat
597 2159 628 2210 et
642 2152 829 2230 proeconium.

429 2232 549 2292 Horum
563 2233 627 2290 leus
640 2238 694 2305 est,
709 2233 789 2311 quod
805 2233 955 2292 destructe
968 2232 1111 2293 Romanae
1128 2236 1270 2313 potentie
1284 2236 1433 2312 idolatris,

427 2315 450 2374 J
450 2335 499 2372 sm
512 2315 637 2372 fundate
650 2322 680 2372 et
695 2314 812 2372 firmata
824 2314 935 2373 ibidem
949 2315 1050 2374 orbem
1063 2317 1209 2395 gubernat
1224 2317 1364 2377 Ecclesia.

553 2394 628 2453 Fide
638 2395 722 2454 Petri
735 2395 973 2470 fundamentum,
1454 2402 1457 2406 ’

551 2475 640 2534 Pauli
654 2481 736 2536 tenet
748 2477 969 2536 firmamentum

592 2557 741 2635 Dogmate
754 2558 883 2618 ecclesis.

552 2638 652 2696 Olavis
666 2638 736 2697 huic
748 2639 893 2717 potentis,

550 2718 604 2776 Illi
617 2719 704 2777 cessit
717 2720 849 2792 scientia,

590 2798 612 2857 J
614 2805 703 2857 uncta
717 2800 753 2857 ud
769 2800 871 2858 officia.

551 2879 642 2937 Petro
655 2899 784 2956 numque
797 2879 853 2939 sub
866 2885 984 2956 pastore

551 2958 729 3018 Gratulatur
743 2966 774 3018 et
788 2966 902 3019 rectore

589 3041 676 3098 Inter
688 3040 796 3100 fluctus
815 3041 923 3101 saeculi

549 3120 637 3180 Pauli
650 3121 732 3201 viget
745 3143 784 3181 ex
797 3122 941 3196 doctrine,

548 3202 630 3260 Vitae
644 3210 763 3281 sumpts
776 3204 931 3279 medicine,

589 3284 672 3342 Grex
685 3285 779 3344 fidelis
793 3286 904 3363 populi.

548 3365 612 3423 Iste
621 3366 713 3424 verbo
726 3367 881 3440 instruxit,

548 3445 607 3503 Ille
621 3447 725 3504 caelum
739 3448 858 3525 aperuit

587 3526 691 3585 Verbo
704 3529 775 3585 vitae
789 3528 924 3590 credulis.

547 3607 589 3664 Et
606 3607 685 3684 quod
698 3627 776 3666 unus
790 3609 941 3685 praedicet,

546 3687 635 3745 Alter
648 3707 751 3746 verum
765 3690 937 3765 comprobat

588 3767 706 3826 Crebris
718 3768 774 3828 hoc
786 3769 944 3830 miraculis

547 3847 610 3907 Hic
622 3848 645 3907 J
645 3849 753 3922 udseos,
768 3849 819 3907 ille
832 3855 936 3929 gentes

521 3942 524 3947 ·
545 3928 638 3988 Viam
650 3930 721 3988 vitae
734 3931 907 4004 nescientes,

586 4011 637 4068 Ad
651 4011 778 4069 salutem
796 4018 947 4072 convocet.

544 4091 646 4149 Ambo
659 4097 792 4170 praesunt
805 4093 983 4167 convocatis,

545 4172 646 4231 Ambo
659 4178 776 4231 certant
789 4173 928 4234 desolatis

587 4252 693 4312 Hostis
706 4273 744 4312 nc
756 4255 924 4331 praevslest.

545 4333 657 4392 Contra
670 4353 791 4393 summae
805 4336 946 4414 potentis

546 4415 737 4493 consurgunt
750 4416 929 4494 imperium
999 4424 1002 4429 ‘

545 4495 635 4554 Unus
647 4496 751 4568 crucis,
766 4498 843 4556 alter
855 4497 942 4569 ensis,

584 4576 743 4654 Perpessus
755 4578 941 4656 supplicium.
