2946 5002
563 323 658 386 Festo
682 321 833 388 Octobris.
1124 288 1128 294 ἱ
1229 324 1291 386 119

99 534 138 592 In
158 535 392 596 Tanusmrrorn
414 554 520 596 sarcrr
541 537 563 595 J
564 552 700 595 casurus
722 537 981 596 annanacnrsrs.
1025 536 1097 615 (viii.
1116 536 1184 593 Kal.
1201 534 1292 614 Nor.)

161 664 300 739 Officium.
345 665 465 723 Statuit.

162 743 272 804 Oratio.

158 825 250 896 Deus,
273 827 326 902 qui
349 828 428 884 hunc
452 827 531 884 diem
558 826 737 885 sanctissimi
763 827 912 887 Johannis
935 827 1108 885 confessoris
1129 827 1175 884 tui
1202 832 1293 902 atque

98 906 245 982 pontificis
258 907 451 965 translatione
464 907 615 981 decorasti,
630 908 676 965 fae
689 928 743 965 nos
753 909 817 985 ejus
825 909 939 966 meritis
952 910 985 965 in
993 914 1160 966 sanctorum
1174 913 1291 964 tuorum

68 1009 71 1014 ’
98 987 237 1044 societate
251 988 414 1046 transferri
456 988 522 1048 Per.

157 1068 302 1126 Memorio
312 1069 1033 1146 desanctisnrartpribusd'rispiaoetOrispiaicao.
1066 1069 1175 1128 Oratio.
1202 1068 1294 1140 Deus,

99 1148 218 1224 quinos
233 1150 374 1206 concedis.

158 1229 299 1304 Epistoba
343 1230 436 1287 Dedit
449 1231 597 1288 Dominus
610 1230 827 1289 confessionem.

161 1309 294 1368 Gradaic.
338 1311 413 1369 Ecce
427 1311 566 1370 sacerdos.

158 1390 306 1467 Alleluya.
356 1392 385 1449 V.
408 1392 515 1450 Justus
527 1392 712 1468 germinabit.

157 1470 320 1545 Sequentia.
364 1472 467 1530 Gaude
481 1480 583 1543 mater,
598 1473 711 1548 require
724 1482 810 1531 anua
823 1473 858 1532 ia
871 1474 1046 1548 depositione
1061 1472 1129 1548 ejus

157 1551 359 1625 Eaaaqeliam.
403 1553 503 1610 Homo
517 1554 637 1629 quidam
649 1573 776 1631 peregre.

159 1631 354 1706 Offirtorium.
393 1632 522 1692 Veritas

100 1776 101 1780 .
157 1711 277 1772 Sancta.

158 1793 290 1869 Respice,
315 1814 490 1871 quaesumus,
515 1794 652 1867 Domine,
675 1795 821 1871 propitius
840 1795 878 1852 ad
897 1795 1077 1851 humilitatis
1099 1799 1207 1850 nostrae
1228 1812 1293 1869 sup

98 1873 203 1950 plicem
217 1875 396 1949 servitatem,
411 1882 442 1932 ct
462 1875 662 1933 intercedente
685 1877 771 1933 beato
793 1877 815 1934 J
816 1876 931 1933 ohanne
951 1874 1113 1933 confessore
1137 1880 1190 1930 tuo
1204 1880 1292 1950 atque

100 1955 245 2031 pontifice,
267 1956 351 2032 cujus
370 1956 595 2014 translationem
620 1956 809 2029 celebramus,
824 1957 935 2014 hostias
958 1975 1032 2032 quas
1054 1956 1086 2012 in
1105 1955 1216 2012 honore
1230 1956 1293 2030 ejus

97 2036 187 2092 sacris
200 2037 345 2094 altaribus
358 2036 554 2109 immolamus,
569 2038 714 2114 benignus
727 2056 850 2096 assume.
894 2037 959 2096 Per.

160 2114 341 2175 Coninauaio.
384 2117 496 2175 Beatus
510 2137 619 2176 servus.

158 2196 402 2256 Poctcommuaio.
431 2242 433 2249 .

159 2276 273 2334 Praesta
296 2279 390 2351 nobis,
414 2278 551 2352 Domine,
576 2298 752 2356 quaesumus,
778 2279 860 2337 beati
887 2279 909 2337 J
911 2279 1034 2336 ohannis
1055 2276 1227 2335 confessoris
1246 2275 1294 2333 tui

98 2362 187 2433 atque
200 2359 349 2434 pontificis
362 2360 476 2417 meritis
494 2367 524 2416 et
541 2361 679 2435 precibus
697 2357 842 2436 adjuv'ari,
861 2367 896 2415 ut
914 2359 993 2434 quod
1013 2359 1206 2435 praesentibus
1224 2356 1294 2414 cele·

102 2438 217 2495 bromus
242 2439 350 2514 officiis,
371 2441 435 2516 ejus
455 2441 593 2518 suffragio
617 2447 768 2517 perpetuae
782 2441 953 2498 salvationis
966 2439 1081 2517 gaudiis
1095 2456 1290 2515 assequamur.

102 2517 164 2578 Per.
221 2542 225 2577 ;

173 2675 360 2740 Eonnnnm
381 2694 562 2737 sancronun
583 2696 755 2738 marsana
776 2679 916 2737 Omsrnu
937 2696 975 2737 nr
996 2679 1200 2738 omsaann.

562 2777 635 2847 (viii.
654 2775 832 2850 Kailios.)

161 2881 301 2957 Officium.
345 2883 431 2941 Salus
446 2891 554 2943 autem.

161 2962 271 3034 Orotib,
287 2966 322 3022 de
337 2964 500 3024 Communi.

160 3044 300 3119 Epistola.
344 3045 560 3120 Spectaculum.

161 3124 296 3183 daedale.
339 3125 476 3184 Vindica.
716 3192 721 3200 ι

161 3205 307 3282 Alleluya.
356 3206 385 3263 V.
409 3207 511 3264 Sancti
524 3209 580 3280 tui,
596 3207 734 3280 Domine,
750 3209 907 3268 florebunt.

160 3285 357 3361 Eccapelium.
401 3288 477 3345 Ecce
490 3309 543 3365 ego
557 3288 644 3346 mitto
658 3308 720 3363 vos,
735 3309 829 3364 quaere
843 3289 1045 3348 indominicati
1058 3291 1150 3348 craias
1163 3289 1292 3366 apostoli.

163 3366 354 3442 Offirtorium.
397 3367 621 3427 Gloriabuntur.

160 3447 341 3507 Communia.
385 3448 561 3508 Posuerunt.

171 3655 209 3714 In
230 3655 363 3714 Vrania
382 3673 601 3716 arosronoaun
624 3658 750 3717 Srnoms
772 3676 810 3716 nr
830 3659 852 3717 J
854 3676 933 3718 uun.
977 3660 1028 3730 (vi.
1046 3659 1116 3717 Kal.
1133 3659 1226 3734 Nor.)

161 3785 302 3860 Officium.
346 3782 459 3843 Intret.

161 3865 269 3924 Oratio.
314 3866 455 3938 Concede,
470 3885 645 3942 quaesumus.

160 3945 300 4023 Epistola.
342 3947 499 4005 Justorum
512 3949 626 4007 animae.

160 4026 294 4084 Groduio.
336 4027 475 4098 Vindice,
490 4048 584 4103 quiere
597 4029 631 4086 ia
646 4027 801 4088 Coriolani
809 4029 1010 4105 plurimorum
1024 4039 1197 4104 trionymam.

159 4105 193 4165 Si
205 4107 363 4165 Dominicis
376 4109 423 4178 sit,
437 4108 584 4185 Alleluya.
634 4110 662 4167 V.
687 4109 788 4167 Sancti
801 4111 856 4180 tui,
872 4111 1009 4182 Domine,
1024 4111 1179 4169 florebunt.

160 4183 336 4266 [Sapientia.
379 4188 464 4246 Olore
478 4180 701 4262 sanctorum,'ia
715 4190 873 4250 Communi
886 4189 1197 4265 apostolorum—MS.
1214 4189 1260 4272 0.]

161 4267 358 4343 Eumvpeiium.
400 4269 464 4344 Ego
478 4289 544 4326 sum
557 4270 636 4328 vitis.

164 4347 356 4422 offertorium.
399 4350 628 4408 Exultabuntur.

163 4427 343 4487 Communia.
386 4430 408 4489 J
411 4437 543 4488 ustorum
557 4432 670 4489 animae.
