2946 5002
134 351 197 415 302
673 347 797 413 Prosoe.

133 512 291 591 Perspicua
314 513 394 571 inter
413 533 486 591 quos
510 513 617 572 emicat
635 513 749 589 inclyta
768 513 892 570 Domini
912 532 1029 590 gemma
1048 513 1196 589 stelligera
1216 512 1336 571 AEthel-

213 595 327 653 woldus
340 595 429 653 curia

135 676 231 746 Quem
250 675 380 753 Anglica
399 677 525 734 honorat
541 675 647 752 petrin,
668 673 772 732 laudat
793 680 824 732 et
844 674 903 732 Dei
926 674 1034 732 dilecta
1053 675 1181 747 ecclesia,
1204 681 1286 732 amat
1306 681 1338 732 et

234 756 297 814 lebs
310 757 416 814 caelica.

135 837 196 908 Qui
208 777 315 914 Jijraesul
335 837 449 895 excelsa
461 836 563 895 docuit
575 836 691 913 Anglos
704 835 769 894 caeli
781 836 918 894 scandere
931 836 1042 913 palatia
1061 855 1114 893 sua
1127 856 1180 913 per
1199 837 1338 912 exempla

216 917 321 976 lucida

135 999 227 1056 Modo
253 1004 285 1056 et
307 999 452 1056 immensa
472 997 580 1075 gaudia
600 997 698 1071 habet,
721 1017 787 1074 quae
812 1017 927 1074 semper
950 997 1066 1075 optavit
1087 997 1121 1054 in
1141 997 1199 1055 ista
1215 1016 1338 1056 versans

214 1079 333 1137 mortali
347 1079 477 1137 tristitia

135 1160 218 1217 Hinc
230 1160 289 1217 tibi
301 1160 350 1231 sit,
367 1159 494 1232 Christe,
509 1158 611 1236 gloria,

134 1241 203 1311 Via,
218 1242 281 1313 lux,
296 1240 413 1313 veritas,
429 1260 546 1317 paxque
559 1246 680 1297 tuorum
693 1239 794 1298 omnia
805 1258 859 1316 per
870 1245 1004 1317 tempora
1015 1259 1025 1312 3

135 1321 242 1380 Caelica
255 1341 307 1399 per
320 1333 422 1398 quem*
435 1322 527 1398 pollet
539 1319 760 1381 AEthelwoldus
769 1320 802 1376 in
815 1320 891 1378 aula.

135 1403 196 1461 Pro
209 1402 323 1460 meritis
341 1402 425 1477 cujus
439 1421 518 1459 nunc
533 1407 649 1459 nostras
661 1421 762 1478 preces
775 1407 806 1459 et
817 1420 941 1459 munera
955 1400 1010 1459 hac
1024 1401 1111 1459 domo
1125 1421 1206 1460 sacra
1223 1400 1339 1477 suscipe

214 1502 268 1559 per
281 1482 396 1554 saecula,
412 1483 533 1558 praemia
546 1488 577 1540 et
589 1482 704 1559 fulgida
715 1502 770 1540 nos
783 1501 888 1541 revoca
901 1482 939 1539 ad
951 1482 1031 1540 alta:

136 1563 202 1633 Quo
216 1564 292 1621 stola
305 1582 395 1621 aurea
407 1583 515 1621 corona
527 1568 558 1621 et
574 1563 700 1639 gloriosa
713 1569 847 1639 comptus
860 1563 1011 1640 promicat.

135 1644 242 1702 Pastor
254 1644 303 1702 hic
316 1644 424 1701 rutilus
437 1644 549 1719 lampas
562 1644 700 1703 Ecclesia
714 1651 821 1702 senctae
834 1644 907 1702 satis
919 1643 1040 1720 inclyta,

135 1725 206 1783 Jum
228 1727 308 1783 inter
326 1744 453 1818 superna
477 1744 632 1782 coruscans
656 1725 751 1783 sidera
770 1725 803 1782 in
827 1730 985 1800 conspectu
1006 1724 1132 1783 Domini
1155 1724 1235 1782 sidus
1255 1744 1337 1783 nunc

215 1825 339 1864 aureum
351 1805 433 1863 omni
446 1805 594 1864 virtutum
607 1805 719 1882 gloria:

135 1887 225 1946 Sacra
244 1887 297 1963 qui
316 1886 431 1944 talenta
448 1886 610 1963 prudenter
629 1886 777 1963 dispersit,
792 1886 955 1964 duplicavit
977 1887 1082 1964 lingua
1102 1885 1270 2015 doctiloquo
1283 1907 1339 1964 pro

215 1968 273 2025 sibi
286 1967 384 2044 palma
397 1967 499 2025 futura
512 1986 625 2044 supera

135 2049 177 2106 Et
188 2049 260 2125 quia
273 2054 375 2106 nostra
386 2048 493 2105 merite
505 2068 566 2106 non
579 2049 682 2106 valent
694 2047 827 2106 obtinere
839 2048 920 2119 talia,

134 2129 199 2187 Tua
212 2149 266 2186 nos
280 2129 350 2200 sola,
364 2128 501 2201 Domine,
516 2129 637 2206 adjuvet
649 2129 777 2206 petimus
790 2093 954 2201 clementia,

136 2211 209 2280 Quas
222 2228 275 2268 nos
289 2229 404 2285 semper
416 2210 533 2267 muniat
546 2230 553 2268 :

134 2291 177 2347 Et
189 2290 247 2367 piis
259 2291 395 2366 precibus
408 2289 480 2347 almi
493 2290 629 2348 omnibus
640 2290 835 2348 AEthelwoldi
847 2290 949 2348 relaxa
961 2291 1128 2367 peccamina
1139 2311 1148 2364 3

135 2371 232 2428 Nobis
245 2372 325 2448 pacis
338 2378 473 2447 tempora
486 2377 516 2429 et
529 2377 637 2448 praesta
650 2391 822 2448 semperque
836 2372 1038 2449 prosperrima

134 2452 240 2529 Regna
252 2452 377 2510 concede
389 2452 477 2509 beata
490 2458 658 2509 sanctorum
671 2452 704 2509 in
716 2452 811 2530 gloria
824 2457 855 2510 et
868 2457 970 2510 sancta
988 2453 1183 2511 tabernacula

136 2533 201 2592 Ubi
214 2538 427 2610 poteramus,
442 2552 530 2610 quem
543 2539 645 2590 nostra

136 2612 246 2672 Cantat
259 2633 339 2672 nunc
352 2633 481 2672 camaena
494 2633 620 2672 consono
634 2619 778 2672 concentu
791 2614 938 2673 resultans
951 2616 1074 2688 cantica,

134 2694 199 2752 Tua
212 2695 375 2771 perfmitur
387 2696 451 2753 sine
464 2694 523 2752 fine
536 2695 703 2753 veneranda
716 2696 882 2771 praesentia,

136 2775 215 2845 Quia
227 2783 258 2832 te
272 2776 367 2833 solum
381 2775 487 2833 dilexit
501 2775 666 2833 Dominum
685 2777 894 2852 superomnia,

135 2856 201 2913 Tua
209 2856 324 2932 jugiter
338 2856 486 2932 complens
499 2856 627 2913 fideliter
635 2857 718 2933 jussa
731 2857 836 2914 caelica.

136 2937 230 3012 Cujus
242 2956 295 3012 per
308 2956 391 2994 sacra
404 2937 543 3014 suffragia

136 3017 249 3075 Nostra
260 3017 390 3074 emunda
402 3017 570 3094 praecordia,

135 3098 196 3168 Qui
208 3117 314 3176 regnas
327 3117 380 3175 per
392 3098 506 3156 saecula.

665 3308 802 3367 xnvu.
901 3370 905 3383 ,

134 3451 186 3512 Ad
196 3451 354 3528 Sequentia
368 3453 582 3510 Hieronimum
594 3469 637 3510 nu
650 3469 765 3513 snucro
784 3471 1001 3515 nouacnonuu
1022 3456 1127 3514 Parsa
1146 3457 1334 3518 Bmunrcro.

197 3564 347 3642 Alleluya.

135 3672 224 3730 Ascle
244 3688 382 3730 susurru
402 3688 522 3730 cunone
535 3672 588 3748 qui
600 3673 746 3750 gubernat
758 3673 861 3733 sidera

135 3752 226 3828 Regit
239 3772 311 3810 arva
323 3754 443 3829 pariter,
459 3753 630 3811 moderatur
642 3753 745 3824 maria,
761 3756 814 3832 qui
827 3757 939 3814 crearit
952 3757 1060 3830 omnia,

135 3833 224 3890 Plebs
237 3833 270 3890 in
283 3834 352 3891 aula
364 3834 462 3891 dicata
475 3834 523 3910 pie
537 3834 656 3893 Christo
670 3842 789 3912 precata
801 3857 881 3896 nunc
894 3838 1011 3896 effunde
1023 3838 1139 3911 devota,

136 3913 359 3990 Patronumque
372 3915 567 3972 Benedictum
581 3934 678 3974 exora

136 3994 213 4052 (lum
226 3995 334 4133 salutel
341 3995 519 4072 sempiterna
531 3997 650 4054 veniam
670 3998 767 4075 capias
780 4018 840 4076 quo
853 3998 1043 4059 caelestem
1017 4021 1080 4079 eJus
1093 4009 1195 4061 sancta
1212 4021 1336 4080 sequens

217 4095 323 4153 exemp
335 4077 404 4136 aria.

136 4155 183 4213 Ut
206 4157 291 4232 cujus
310 4158 580 4295 ‹ptiarpsbvenereris
603 4159 679 4218 leste
700 4159 839 4237 praeclara
859 4182 925 4239 qua
946 4163 1075 4221 nitent
1065 4184 1098 4222 1n
1111 4165 1182 4223 orbe
1205 4165 1335 4242 annique

216 4257 319 4296 revexi
346 4258 380 4296 or
399 4259 410 4295 1
426 4258 450 4296 a

137 4316 246 4374 illius
237 4338 269 4375 111
283 4319 338 4377 hac
351 4319 419 4378 sede
432 4321 580 4380 tumulata
590 4321 662 4381 dum
674 4322 807 4381 membra
819 4323 900 4385 luere
914 4325 999 4385 beata
1012 4345 1110 4386 coram
1123 4347 1189 4406 quae
1199 4327 1335 4408 jungaris

217 4418 333 4476 organa

642 4495 656 4521 ¹
671 4494 827 4557 ltu-quod
