2946 5002
593 106 700 170 Mimo
716 127 780 191 pro
803 106 896 171 Pace.

527 343 530 350 ·
599 324 777 383 M1sssra0
798 325 891 384 Psca.

208 405 350 482 Officium.

203 487 253 545 Da
265 506 375 564 pacem,
391 485 529 559 Domine,
543 485 759 544 sustinentibus
772 492 803 544 te
816 507 823 543 ε
846 493 882 545 ut
894 488 1047 563 prophetae
1061 488 1108 546 tui
1121 488 1222 546 fideles
1235 487 1349 544 inveni-

147 574 241 640 antur,
256 569 366 626 exaudi
379 587 478 644 preces
492 567 571 624 servi
585 567 631 623 tui
645 573 675 624 et
689 567 782 643 plebis
795 574 856 625 tuae
870 567 972 626 Israel.

203 647 245 706 Ia
259 657 382 724 tempore
396 647 543 720 Paschali,
559 647 708 723 Alleluya,
724 648 859 724 alleluya.

204 729 351 788 Palmae.

201 809 335 868 Laetatus
348 829 414 867 sum
426 808 460 866 in
473 808 520 867 his
533 829 599 886 quae
609 809 689 866 dicta
699 816 770 866 sunt
783 810 875 867 mihi:
896 810 929 867 in
939 811 1060 869 domum
1074 811 1198 868 Domini
1210 811 1346 868 laetantes

145 890 260 949 ibimus.
539 893 542 901 “

205 971 315 1030 Oratio.

200 1051 292 1124 Deus,
307 1071 326 1109 a
341 1071 400 1128 quo
420 1056 522 1108 sancta
542 1050 693 1121 desideria,
707 1058 788 1109 recta
809 1051 931 1110 consilia
950 1058 981 1110 et
996 1054 1080 1128 justa
1102 1058 1173 1110 sunt
1194 1073 1291 1129 opera,
1307 1055 1345 1111 da

143 1133 234 1190 servis
255 1133 316 1190 tuis
339 1133 423 1189 illam
446 1152 536 1208 quam
557 1132 685 1189 mundus
708 1132 776 1190 dare
798 1153 858 1190 non
880 1139 978 1210 potest
1001 1153 1121 1210 pacem;
1147 1139 1183 1191 ut
1205 1141 1235 1191 et
1257 1135 1344 1192 corda

142 1219 242 1271 nostra
254 1213 403 1270 mandatis
416 1213 477 1270 tuis
488 1212 596 1284 dedita,
613 1219 644 1269 et
660 1212 792 1270 hostium
810 1214 928 1272 sublata
948 1215 1113 1287 formidine,
1129 1220 1263 1291 tempora
1283 1217 1345 1273 sint

142 1299 194 1352 tua
206 1294 390 1371 protectione
403 1293 574 1370 tranquilla.
618 1292 676 1349 Per
690 1294 861 1352 Dominum.

94 1408 97 1422 ·
202 1375 299 1434 Lectio
314 1374 382 1432 lita
396 1373 631 1433 Maclcadoecrccm
647 1372 677 1450 (2
692 1375 711 1431 ἱ.
729 1375 776 1444 23,
793 1373 863 1453 2-5).

200 1455 240 1513 In
261 1456 365 1514 diebus
384 1454 453 1527 illis,
469 1454 627 1512 Orationes
644 1455 792 1512 faciebant
813 1455 984 1528 sacerdoteS,
1001 1457 1072 1514 dum
1096 1457 1236 1515 offerrent
1258 1457 1344 1515 sacri-

139 1536 240 1593 ficium
252 1556 307 1613 pro
320 1536 429 1613 populo
443 1536 546 1606 Israel,
560 1536 582 1593 J
584 1535 695 1592 onatha
706 1536 873 1607 inchoante,
890 1537 1003 1594 caeteris
1020 1543 1120 1595 autem
1141 1538 1343 1614 respondenti-

139 1617 202 1689 bus,
218 1623 250 1675 et
262 1617 429 1674 dicentibus
438 1637 446 1689 3
468 1616 641 1673 Benefaciat
654 1617 739 1673 vobis
754 1617 835 1674 Deus
852 1626 883 1675 et
903 1618 1072 1675 meminerit
1091 1621 1264 1676 testamenti
1284 1620 1339 1691 sui,

140 1698 219 1773 quod
242 1699 280 1756 ad
307 1697 460 1755 Abraham
489 1703 520 1754 et
546 1697 631 1754 Isaac
659 1702 689 1754 et
716 1697 810 1754 Jacob
837 1698 954 1756 locutus
977 1706 1023 1756 est
1046 1718 1198 1757 servorum
1220 1719 1340 1757 suorum

138 1778 278 1836 fidelium.
322 1779 364 1835 Et
384 1778 436 1836 det
458 1777 543 1835 vobis
570 1797 619 1834 cor
646 1779 790 1850 omnibus,
807 1785 842 1836 ut
864 1779 966 1836 colatis
988 1800 1056 1837 eum
1083 1786 1114 1836 et
1137 1780 1253 1837 faciatis
1277 1781 1341 1856 ejus

137 1859 333 1917 voluntatem
373 1858 540 1935 Adaperiat
553 1878 603 1915 cor
616 1864 750 1915 vestrum
762 1859 795 1915 in
809 1859 873 1936 lege
886 1880 939 1917 sua
952 1866 983 1917 et
996 1861 1029 1917 in
1049 1861 1203 1937 praeceptis
1223 1861 1293 1931 suia,
1309 1867 1340 1918 et

138 1939 226 1997 meiat
239 1959 348 2016 pacem.
391 1940 543 1996 Exaudiet
556 1939 702 1996 orationes
715 1945 829 1997 vestras
846 1947 877 1998 et
896 1942 1100 1999 reconcilietur
1113 1941 1206 2015 vobis,
1221 1961 1274 1999 nec
1288 1961 1340 1999 vos

139 2019 254 2078 deserat
266 2021 299 2078 in
311 2026 445 2096 tempore
458 2021 536 2078 malo
550 2020 697 2077 Dominus
712 2019 793 2078 Deus
807 2027 913 2079 vester.

197 2181 331 2240 Laetatus
344 2201 411 2239 sum
423 2183 456 2239 in
469 2181 516 2238 his
529 2201 594 2256 quae
609 2181 772 2239 dictasunt
786 2183 879 2240 mihi:
899 2183 932 2239 in
946 2183 1067 2241 domum
1082 2183 1205 2241 Domini
1219 2184 1336 2241 ibimus.

145 2261 174 2321 V.
198 2261 268 2321 Fiat
281 2283 342 2340 pax
355 2263 386 2319 in
401 2262 516 2320 virtute
529 2270 598 2320 tua:
620 2269 650 2319 et
664 2262 848 2320 abundantia
861 2264 894 2320 in
907 2265 1040 2322 turribus
1054 2265 1122 2322 tuis.

197 2341 346 2421 Alleluya.
405 2344 434 2401 V.
470 2343 600 2401 Ostende
627 2344 721 2415 nobis,
750 2344 887 2416 Domine,
916 2345 1146 2402 misericordiam
1173 2351 1274 2403 tuam:
1309 2352 1340 2403 et
1435 2418 1438 2423 Ι

142 2423 266 2482 salutare
279 2430 366 2481 tuum
381 2425 419 2481 da
432 2425 523 2482 nobis.

196 2505 398 2580 Ecmtqelc'am.
442 2505 475 2563 Si
487 2505 554 2581 quis
568 2505 666 2582 diligit
679 2525 734 2578 me,
751 2515 784 2562 at
798 2526 890 2583 supra
903 2507 938 2564 dc
950 2505 1058 2565 Sancto
1071 2507 1195 2583 Spiritu.

199 2584 391 2659 Offcrtcrc'am.
1224 2600 1227 2605 '

196 2666 287 2738 Deus,
302 2673 338 2724 tu
359 2673 533 2724 convertens
546 2666 710 2724 vivificabis
727 2687 800 2724 nos:
829 2673 859 2724 et
883 2668 1037 2744 plebatus
1058 2668 1210 2726 laetabitur
1231 2669 1264 2726 in
1285 2677 1337 2728 te:

143 2747 257 2806 ostende
269 2747 364 2820 nobis,
379 2748 515 2817 Domine,
531 2748 760 2805 misericordiam
777 2756 878 2807 tuam:
901 2755 931 2807 et
949 2749 1078 2808 salutare
1091 2757 1178 2807 tuum
1192 2750 1230 2807 da
1243 2750 1336 2808 nobis.

196 2826 218 2885 I
216 2849 239 2886 a
251 2835 374 2904 conpore
387 2828 534 2901 Pasclcalc',
549 2828 698 2904 Alleluya.

196 2908 317 2968 Secreta.
609 2947 612 2952 -

195 2989 286 3062 Deus,
302 2989 356 3066 qui
376 2989 527 3047 credentes
549 2989 582 3046 in
606 2996 636 3046 te
659 2989 781 3066 populos
804 2990 894 3048 nullis
918 2991 990 3048 sinis
1014 2991 1132 3049 concuti
1152 2993 1335 3064 terroribus;

143 3067 256 3145 diemaro
269 3089 370 3147 preces
383 3075 414 3128 et
426 3070 538 3127 hostias
552 3070 656 3127 dicatae
671 3071 728 3127 tibi
741 3071 834 3147 plebis
848 3071 1011 3148 suscipere,
1032 3079 1068 3129 ut
1081 3093 1140 3149 pax
1154 3079 1206 3130 tua
1226 3074 1337 3148 pietate

143 3167 271 3209 arcessa
291 3150 527 3209 Christianorum
547 3152 620 3208 fines
644 3152 681 3207 ab
705 3153 787 3208 omni
810 3153 894 3210 hoste
916 3152 1006 3210 faciat
1028 3172 1090 3210 esse
1112 3172 1235 3213 securos.
1278 3153 1337 3210 Per

143 3227 308 3289 Dominum.

195 3311 378 3372 camena.
421 3313 530 3384 Amen,
546 3311 620 3383 dico,
635 3322 669 3369 at
685 3333 783 3389 supra.

192 3392 434 3452 Postccmmccac'c.
539 3407 543 3442 -“

194 3472 285 3546 Deus,
300 3478 404 3531 auctor
416 3474 496 3550 pacis
510 3479 541 3532 et
554 3480 676 3545 amator,
692 3494 780 3550 quem
794 3493 879 3532 nosse
892 3475 1000 3546 vivere,
1017 3476 1065 3532 cui
1083 3475 1193 3532 servire
1213 3494 1336 3552 regnare

140 3558 196 3627 est3
223 3560 345 3631 protege
368 3556 405 3612 ab
430 3555 565 3612 omnibus
592 3555 864 3631 impugnationibus
892 3556 1037 3632 supplices
1063 3562 1139 3626 tuos,
1169 3560 1203 3611 ut
1227 3557 1279 3632 qui
1302 3557 1335 3612 in

139 3632 301 3770 dDefensione
327 3640 381 3693 tua
408 3635 589 3706 confidimus,
614 3636 727 3693 nullius
753 3635 927 3693 hostilitatis
955 3657 1037 3694 arma
1063 3637 1228 3694 timeamus.
1277 3636 1335 3694 Per

166 3734 305 3775 ommam,

490 3840 491 3844 ’
544 3833 645 3890 Missa
665 3849 805 3892 canrosa
826 3833 929 3890 Batai.

194 3913 335 3990 Officicaa.

190 3993 394 4053 Reminiscere
419 3993 643 4052 miserationum
666 4000 795 4066 tuarum,
818 3995 963 4052 Domine:
984 3999 1015 4052 ct
1036 3993 1242 4051 misericordiae
1265 4000 1332 4067 tuse,

135 4093 196 4151 quae
209 4096 228 4134 a
240 4077 348 4135 sacculo
361 4081 451 4134 aunt:
471 4095 509 4133 ne
522 4094 655 4151 unquam
668 4075 859 4133 dominentur
874 4075 959 4132 nobis
980 4074 1094 4132 inimici
1106 4075 1220 4132 nostri:
1240 4075 1333 4133 libera

134 4173 192 4229 nos,
206 4156 289 4216 Deus
303 4155 406 4227 Israel,
421 4176 459 4214 ex
472 4156 610 4214 omnibus
623 4157 768 4232 angustiis
781 4156 898 4213 nostris.

188 4235 230 4296 Ia
242 4247 368 4315 tempore
380 4236 527 4310 Pasclcclc',
543 4235 693 4312 Alleluya,
708 4237 843 4312 alleluya.
923 4273 926 4279 ·
