2946 5002
139 377 200 439 114
594 374 691 440 Festo
715 373 867 441 Octobris.

195 538 316 598 Secreto.

196 620 390 697 Omnipotens
404 621 580 698 sempiterne
590 621 680 692 Deus
691 621 745 697 qui
757 620 843 678 illum
853 640 940 696 quem
953 621 991 679 ad
1001 621 1113 679 Filium
1126 628 1213 679 tuum
1223 624 1327 694 trahis,

135 700 205 758 facis
232 721 293 758 esse
320 701 458 775 beatum3
486 702 532 760 fac
558 722 611 777 per
636 702 783 759 auxilium
809 702 910 778 gratiae
937 708 996 760 tuae
1020 703 1214 760 confessorem
1241 712 1328 762 tunm

135 781 303 839 Johannem
326 783 359 838 in
382 784 444 858 ejus
468 783 650 841 beatitudine
677 783 812 840 omnibus
836 801 897 841 esse
920 789 1034 856 notum,
1056 784 1109 859 qui
1131 803 1185 860 pro
1208 786 1328 843 nomine

135 861 235 920 dilecti
248 862 318 919 Filii
331 862 378 919 tui
391 883 421 920 se
434 864 590 940 abnegavit
603 869 634 920 et
647 863 799 920 mundum.

194 954 376 1014 Commutato.
418 955 482 1032 Ego
496 962 595 1014 autem
609 975 676 1013 cum
689 955 764 1012 mihi
776 955 893 1013 molesti
906 961 1010 1014 essent

195 1048 436 1106 Posaommonio.

148 1197 149 1200 Ἴ
194 1128 315 1202 Adest0‚
342 1130 423 1186 Deus
446 1135 554 1199 noster,
576 1129 629 1205 qui
655 1129 688 1186 in
711 1128 910 1187 misericordia
932 1129 1031 1187 omnia
1055 1130 1193 1207 disponis,
1215 1132 1328 1208 respice

134 1209 276 1286 populum
302 1219 389 1267 tuum
416 1209 476 1267 suis
502 1209 628 1285 peccatis
654 1210 692 1267 ab
718 1209 839 1268 inimico
865 1209 1025 1283 afflictum3
1058 1218 1088 1268 et
1114 1211 1184 1288 quia
1210 1212 1327 1283 horum,

136 1290 272 1361 Domine,
287 1291 363 1347 nihil
385 1290 473 1348 odisti
493 1309 558 1366 quae
580 1290 683 1362 fecisti,
698 1290 779 1347 mitis
801 1296 832 1347 et
853 1290 1056 1366 deprecatione
1078 1292 1157 1349 beati
1178 1292 1201 1350 J
1202 1293 1326 1350 ohannis

134 1371 305 1428 confessoris
331 1371 386 1442 tui,
414 1379 551 1428 converte
582 1370 713 1446 ejusdem
743 1371 896 1447 planctum
922 1372 955 1429 in
981 1372 1141 1448 gaudium:
1172 1374 1328 1432 conscinde

135 1470 250 1510 saccum
263 1451 378 1524 erroris,
394 1456 424 1508 et
438 1450 585 1509 circumda
598 1470 667 1508 eum
679 1452 784 1509 laetitia
797 1452 929 1510 unitatis.
972 1451 1031 1510 Per
1044 1453 1214 1512 Dominum.

222 1653 334 1712 Saron
354 1652 496 1723 Parnm,
518 1652 985 1712 anmonus1suucmm1soor1.
1029 1655 1079 1733 (vi.
1095 1656 1141 1714 Id.
1158 1656 1236 1733 Oct.)

195 1801 334 1875 Officium.
378 1800 497 1858 Statuit

195 1882 304 1940 Oratio.
347 1881 403 1953 Da,
418 1901 591 1957 quaesumus.

193 1963 336 2020 Memorio
350 1963 384 2019 dc
398 1970 494 2019 aaran
509 1961 638 2032 Gerenia,
653 1972 790 2038 martyre,
805 1964 839 2021 de
855 1962 1018 2023 Communi.

193 2043 333 2118 Epistola.
377 2043 481 2101 Omnis
494 2043 637 2118 pontifex.
680 2085 682 2090 ,
1052 2059 1054 2065 ·

195 2123 330 2182 Gradole.
372 2123 501 2180 Juravit.

195 2205 342 2279 Alleluya
390 2205 418 2262 V.
441 2203 463 2261 J
465 2211 548 2261 ustus
561 2202 746 2278 germinabit.

136 2354 139 2359 ⁵
194 2285 355 2359 Sequentia.
398 2284 494 2341 Adest
507 2284 600 2354 nobis,
614 2293 648 2340 ut
661 2284 695 2342 ia
710 2283 874 2343 Communi.

195 2364 393 2440 Euangelium.
436 2364 536 2421 Homo
550 2364 670 2439 quidam
682 2365 798 2423 nobilis.

197 2446 387 2519 offertorium.
431 2445 539 2502 Inveni
553 2445 659 2502 David.

197 2526 378 2586 Omnmuoio.
421 2525 530 2583 Beatus
544 2545 653 2583 servus.

329 2730 439 2789 Saron
460 2730 592 2798 Nroasn,
614 2746 677 2788 cun
698 2745 791 2789 soous
813 2747 886 2790 sors.
930 2729 971 2807 (r.
989 2730 1034 2789 Id.
1051 2732 1130 2810 Oct.)

196 2877 334 2952 Officium.
377 2875 558 2951 Sapientiam
571 2881 745 2936 sanctorum.

196 2958 305 3028 Oratio
320 2957 355 3014 de
370 2955 534 3015 Communi.

194 3038 335 3115 Epistol.
378 3037 494 3094 Reddet
508 3036 598 3094 Deus.

195 3119 328 3177 Grudol.
370 3117 507 3174 Vindioa.

194 3201 342 3275 Alleluya.
390 3199 420 3256 V.
444 3197 598 3255 Mirabilis.

194 3279 393 3356 Euangelium.
436 3278 512 3336 (lum
525 3279 676 3338 audieritis
689 3279 797 3355 praelia.

196 3361 386 3435 offertorium.
428 3360 593 3420 Laetamini.

195 3441 372 3503 Coruncanio.
415 3440 528 3498 Anima
540 3445 649 3499 nostra.

227 3648 394 3706 Durosrrro
414 3661 519 3705 sorori
540 3645 709 3715 erumr,
730 3660 958 3704 inomnmsoorr
979 3661 1017 3702 nr
1037 3661 1240 3705 corrussours.

623 3741 674 3820 (iv.
690 3741 736 3799 Id.
753 3741 832 3819 Oct.)

195 3849 334 3924 Officium.
378 3848 498 3907 Statuit.

196 3931 304 3989 Oratio.

193 4012 283 4082 Deus,
309 4010 391 4087 cujus
421 4009 517 4086 gratia
542 4008 645 4066 beatus
672 4006 830 4065 Wilfridus
856 4008 991 4084 pontifex
1018 4009 1123 4067 lucidis
1149 4011 1322 4068 meritorum

133 4093 223 4169 signis
236 4092 412 4148 excellenter
431 4089 549 4161 effulsit,
563 4094 669 4165 praesta
689 4089 773 4146 nobis
785 4090 939 4165 propitius,
955 4096 990 4148 ut
1010 4091 1072 4166 ejus
1092 4110 1206 4169 semper
1225 4099 1323 4168 patro-

133 4174 209 4230 cinio
222 4167 399 4242 muniamur,
412 4171 494 4246 cujus
508 4168 641 4227 doctrina
653 4169 692 4228 ad
703 4169 867 4246 appetenda
880 4170 1005 4230 caelestia
1018 4171 1218 4231 informamur.
1254 4172 1320 4232 Per.

192 4253 332 4328 Epistola.
375 4252 449 4308 Ecce
462 4249 601 4309 sacerdos.
1073 4245 1079 4257 '

194 4332 326 4390 Grodole.
368 4333 477 4390 Inveni
491 4331 596 4389 David.

192 4412 338 4490 Alleluya.
388 4412 418 4472 V.
440 4412 463 4470 J
464 4417 546 4470 ustus
559 4411 743 4490 germinabit.

191 4492 352 4570 sequentia.
396 4493 565 4567 salvatoris,
579 4501 614 4552 ot
626 4493 660 4552 io
672 4493 756 4555 Festo
770 4492 901 4568 cj'aersdem.
