2978 4966
352 368 474 434 Miseret
491 368 599 455 Offices
616 369 710 456 from
724 367 774 434 tte
788 368 926 453 Baopor
940 365 1130 454 Pontifical.
1276 367 1339 432 339

205 534 327 596 Secreto.

206 617 297 690 Deus,
312 616 365 694 qui
384 623 415 675 te
430 617 563 695 praecipis
576 637 595 676 a
607 617 807 693 peccatoribus
820 616 945 689 exorari,
959 615 1074 692 tibique
1086 614 1261 674 sacrificium
1275 633 1341 673 con-

142 697 212 757 triti
225 699 320 757 cordis
340 697 457 772 offerri,
477 699 532 756 hoc
548 699 722 757 sacrificium
743 697 822 775 quod
841 696 971 775 indignis
991 697 1128 755 menibus
1146 696 1220 754 meis
1242 695 1340 768 offero,

141 785 295 856 acceptare
319 779 459 857 dignere,
489 786 520 837 et
542 785 578 837 ut
597 780 659 856 ipse
677 779 736 836 tibi
762 778 859 837 hostio
882 784 919 836 et'
936 777 1110 836 sacrificium
1132 797 1195 836 esse
1217 796 1338 851 merear,

144 860 301 919 miseratus
316 861 440 919 concede
450 881 458 934 3
478 860 558 938 quod
578 880 630 937 per
649 860 783 936 mysterii
806 860 894 935 hujus
917 859 1131 917 exhibitionem
1154 864 1340 936 peccatorum

146 942 280 1000 omnium
294 942 454 1018 percipiam
467 941 674 1000 remissionem.
717 941 782 998 Per.

206 1023 449 1081 Portcommunio.
1042 1059 1043 1062 =
1169 1075 1173 1083 ,

206 1104 306 1162 Aures
329 1109 389 1162 tuae
402 1103 530 1181 pietatis,
545 1102 700 1161 mitissime
722 1103 813 1176 Deus,
834 1101 945 1160 inclina
957 1099 1210 1178 precibussmeis3
1233 1105 1265 1158 et
1287 1117 1340 1176 per

144 1183 235 1260 hujus
255 1184 350 1242 divini
369 1185 544 1243 sacrementi
564 1185 660 1242 cernis
672 1190 704 1241 et
716 1182 866 1262 sanguinis
879 1183 951 1240 Filii
963 1183 1010 1240 tui
1023 1181 1146 1240 Domini
1158 1181 1254 1240 nostri
1266 1180 1289 1238 J
1289 1197 1341 1238 esu

144 1263 258 1322 Christi
271 1266 349 1342 quod
362 1265 500 1343 indignus
513 1265 626 1342 sumpsi
638 1265 821 1341 mysterium,
832 1264 927 1341 gretie
940 1263 1042 1322 saneti
1056 1262 1185 1340 Spiritus
1204 1261 1341 1319 illumina

143 1362 196 1402 cor
217 1365 331 1419 meum;
351 1353 386 1404 ut
409 1347 470 1405 tuis
493 1346 642 1422 mysteriis
665 1346 752 1423 digne
772 1345 950 1418 ministrare,
975 1349 1064 1421 teque
1087 1350 1197 1402 reterns
1217 1343 1340 1401 caritate

143 1425 268 1502 diligere
291 1433 322 1485 et
345 1429 523 1504 sempiterne
545 1427 653 1503 gaudie
673 1427 821 1504 percipere
844 1445 964 1485 mercer.
1007 1425 1066 1484 Per
1086 1425 1258 1483 Dominum.
1300 1423 1341 1480 In

145 1507 270 1566 unitate.

562 1645 629 1703 Pro
650 1626 727 1702 Irus
746 1644 936 1704 Aenurmue.

207 1789 316 1850 Oratio.
359 1790 481 1861 Adeste,
497 1790 633 1864 Domine,
648 1800 674 1850 et
687 1801 778 1851 cetere
790 1791 842 1870 (ct
858 1812 959 1868 cupro,
973 1792 1030 1850 vol.
1046 1791 1076 1850 ii
1092 1811 1120 1868 p.
1135 1790 1217 1870 17⁹).

205 1870 326 1929 Secreto.
369 1870 543 1948 Propitiarc,
559 1872 695 1946 Domine,
709 1882 736 1932 et
748 1881 838 1932 cetere
850 1872 1001 1952 (ibidem).

206 1952 450 2010 Poetcommunio.
743 1955 745 1962 '
886 2003 888 2006 .

207 2031 291 2090 Deus
310 2032 435 2089 infinitae
456 2033 660 2091 misericordiae
674 2041 704 2092 ct
717 2035 880 2110 majestatis
893 2035 1051 2107 immensae,
1072 2053 1161 2111 quem
1180 2053 1234 2093 nec
1247 2034 1343 2112 spatie

145 2111 277 2170 locorum
294 2132 348 2171 nec
369 2113 528 2171 intervella
543 2120 709 2190 temporum
726 2116 763 2173 ab
780 2115 827 2173 his
844 2135 917 2193 quos
934 2116 1027 2174 tueris
1051 2116 1226 2194 abjungunt,
1241 2116 1341 2174 adesto

145 2191 264 2250 famulis
276 2193 337 2250 tuis
360 2195 393 2250 in
406 2200 437 2251 te
459 2195 568 2271 ubique
588 2195 805 2270 confitentibus,
826 2203 857 2254 et
870 2216 923 2273 per
942 2216 1060 2255 omnem
1074 2216 1163 2274 quem
1182 2197 1257 2254 ituri
1270 2201 1341 2255 sunt

145 2274 226 2331 viem
246 2274 309 2331 dux
331 2274 373 2332 eis
387 2281 417 2332 et
438 2295 533 2333 comes
546 2276 645 2334 edesse
662 2277 789 2353 dignere.
832 2278 919 2335 Nihil
939 2278 999 2335 illis
1011 2277 1198 2336 adversitatis
1218 2283 1341 2350 noceet3

145 2354 222 2412 nihil
242 2354 424 2413 difficultatis
444 2356 588 2430 obsistet,
611 2364 717 2415 cuncte
730 2358 772 2415 eis
786 2358 922 2430 salubria,
939 2365 1045 2417 cuncte
1058 2360 1120 2417 sint
1139 2377 1278 2435 prospere
1285 2379 1295 2431 3
1309 2364 1341 2417 et

144 2436 201 2493 sub
224 2455 278 2512 ope
299 2436 428 2495 dexterae
449 2443 508 2494 tuee
522 2438 662 2514 quicquid
682 2439 822 2516 petierint
842 2439 993 2514 desiderio,
1016 2440 1104 2500 celeri
1123 2444 1340 2518 consequentur

147 2516 261 2575 effectu.
304 2516 369 2576 Per.
411 2518 520 2589 Amen,
533 2538 626 2578 emen.
