2946 5002
742 371 863 438 Prosoe.

284 537 344 596 Dei
356 537 544 614 providentia
556 557 645 615 quem
658 543 728 596 ante
741 538 847 597 saecula
858 542 945 596 tanta
957 538 1084 614 replevit
1095 538 1200 613 gratia,

286 619 414 677 Gentem
427 639 486 696 quo
499 619 681 676 barbaricam
694 619 791 678 adiret
804 626 983 695 spontaneus
996 618 1054 677 fide
1068 618 1162 676 fultus
1175 616 1334 697 intrepida.

285 698 396 777 Regem
423 699 541 758 lavacro
567 699 672 758 salutis
698 719 770 758 mox
797 706 959 777 regenerat,
987 705 1163 777 gentemque
1189 699 1404 775 permaximam

365 779 474 838 format
486 781 524 839 ad
537 800 628 858 regna
640 780 775 839 caelestia.

286 860 397 920 Omnes
414 862 453 920 ad
469 861 531 919 alta
550 861 647 920 levate
664 862 772 920 mentis
789 862 895 939 capita,
910 860 1029 919 Christo
1046 860 1169 918 laudum
1187 859 1319 918 carmIna
1332 877 1404 918 voce

364 941 472 1000 referte
488 942 641 1015 clarisona,

285 1023 350 1080 Nos
362 1022 483 1081 lucerna
495 1023 549 1100 qui
561 1023 684 1082 donavit
693 1029 780 1081 tenta
791 1023 886 1100 patris
898 1023 988 1099 hujus
1001 1021 1166 1099 praesentia.

285 1103 508 1162 Conclamemus
521 1104 610 1162 simul
622 1123 723 1162 omnes
736 1124 797 1163 una
808 1125 817 1177 3
838 1103 964 1171 Christe,
979 1104 1061 1162 selva

284 1183 349 1244 Nos
361 1204 415 1262 per
427 1184 519 1243 eaecla

707 1341 907 1400 XXXVIII.

601 1462 664 1543 (Dr
684 1481 799 1525 sarcre
820 1464 1024 1546 Lsuusurro.)

345 1585 440 1645 Proca
452 1587 494 1645 od
506 1585 665 1663 samaria
679 1587 856 1646 Laetabitur.

344 1683 492 1760 Alleluya

285 1780 416 1839 Laurum
429 1797 530 1839 crana
542 1797 712 1839 rnrsurnrr
726 1782 922 1840 Laurentium
935 1781 1127 1854 hierarcham,

285 1861 353 1932 Qua
364 1881 425 1938 pax
438 1881 561 1935 summa,
576 1882 636 1939 qua
648 1863 795 1938 splendor,
813 1882 872 1939 qua
898 1863 1000 1939 gloria,
1016 1861 1134 1920 Christe
1147 1881 1211 1934 rerr,
1226 1861 1342 1936 emicat,

284 1942 366 2018 Lyra
379 1949 481 2000 nostra
493 1943 617 2001 resultet
632 1943 808 2019 symphonia
821 1964 929 2002 sonans
942 1945 1085 2020 organica.

284 2023 381 2081 Roma
395 2044 482 2101 quem
495 2024 584 2096 canit,
598 2024 727 2082 mundus
740 2044 829 2101 quem
841 2030 923 2082 totus
935 2030 1073 2101 personat
1086 2045 1092 2082 :

284 2104 384 2162 Decus
398 2124 484 2162 omne
497 2105 589 2178 decet,
603 2105 676 2177 laus,
691 2110 781 2181 atque
794 2105 895 2182 gloria.
1065 2109 1066 2112 ’

284 2184 346 2256 Qui
357 2185 452 2258 miles,
466 2185 519 2262 qui
531 2205 646 2262 gemma
665 2205 716 2243 ara
737 2186 858 2258 Christi,
874 2185 927 2262 qui
939 2204 1034 2262 praeco
1047 2205 1152 2243 norma
1164 2184 1281 2262 fulgens
1291 2185 1403 2259 levita3

283 2265 489 2345 Apostolicum
503 2266 611 2324 affatur
623 2271 782 2342 patronum
796 2266 915 2324 Sixtum
930 2286 1054 2343 sequens
1067 2266 1106 2324 ad
1118 2267 1286 2324 certamina.

284 2347 360 2418 Quo,
374 2351 467 2423 pater,
481 2348 544 2404 sIne
557 2347 619 2405 filio
632 2348 825 2423 progrederis,
840 2354 893 2405 aut
906 2367 966 2425 quo
979 2347 1120 2424 magister
1133 2366 1279 2424 properas.

283 2428 336 2485 Ad
348 2427 477 2504 palmam
491 2427 517 2485 si
529 2428 666 2503 martyrii
679 2448 771 2486 ovans
782 2429 887 2500 tendis,
903 2436 933 2486 te
946 2448 1016 2504 rogo
1029 2448 1067 2485 ne
1082 2447 1128 2486 me
1142 2427 1265 2486 deseras.

284 2507 389 2566 Sixtus
402 2508 440 2566 ad
452 2509 514 2566 haeo
527 2508 572 2567 illi
586 2530 592 2567 ε
613 2509 655 2566 Te
669 2529 767 2585 pugna
781 2510 886 2567 fortior
899 2509 1088 2584 sanctiusque
1100 2515 1131 2566 te
1144 2515 1270 2566 stemma

283 2588 390 2647 Manet
403 2595 469 2665 post
482 2590 625 2661 triduum,
635 2591 700 2666 jam
713 2590 767 2667 qui
780 2591 910 2667 sequeris
922 2610 970 2648 me
984 2590 1163 2648 sacerdotem
1177 2589 1278 2647 levita.

198 2684 201 2690 '
283 2669 410 2728 Praeseia
423 2670 504 2728 Sixti
519 2671 611 2729 verba
629 2671 834 2749 complentur:
854 2677 885 2730 ct
897 2671 1039 2728 immania
1058 2669 1204 2748 percurrit
1224 2670 1404 2736 Laurentius

363 2757 511 2809 tormenta
522 2771 530 2824 3

162 2906 163 2909 Ἰ
283 2830 356 2888 Caeli
369 2832 514 2903 columna,
529 2831 633 2889 lucifer
647 2832 735 2904 orbis,
751 2832 888 2890 Ecclesiae
902 2832 1015 2902 laetitia,
1027 2832 1157 2908 fideique
1170 2831 1278 2908 regula

282 2911 390 2969 Victor
410 2932 501 2969 ovans
520 2913 553 2968 in
577 2909 718 2970 craticula
737 2913 868 2988 judicem
893 2913 945 2990 qui
968 2913 1123 2971 confundit
1145 2913 1236 2970 verba
1263 2931 1316 2988 per
1339 2911 1404 2970 haec

283 3073 305 3131 J
306 3093 355 3131 am
371 3080 498 3131 assatam
519 3073 664 3132 manduca
682 3093 820 3133 earnem:
841 3094 889 3132 me
901 3074 1004 3151 gloria,
1019 3082 1050 3132 te
1063 3093 1149 3151 poena
1169 3093 1284 3150 semper
1301 3080 1405 3132 manet

363 3174 502 3227 mamma,

284 3235 414 3293 Canticis
426 3234 564 3312 angelicis
577 3235 675 3312 palma
688 3242 719 3294 et
731 3235 837 3294 lucida.

284 3316 333 3374 Sic
345 3316 414 3374 diva
427 3316 500 3374 felix
512 3317 628 3375 scandit
639 3316 738 3376 anima
751 3317 880 3376 culmina

283 3396 342 3455 Per
355 3398 462 3456 merita
475 3398 620 3456 translata
633 3399 747 3475 inclyta
758 3418 767 3472 3

284 3478 357 3548 Quae
370 3479 403 3535 in
413 3498 544 3555 purpura
556 3479 740 3555 praepulehra
752 3479 861 3557 gaudet
874 3484 905 3537 et
918 3478 999 3551 lilia3

284 3558 374 3616 Omni
386 3559 480 3636 gloria
492 3569 626 3618 conserta
639 3559 752 3617 Christi
764 3560 929 3636 praesentia,

283 3639 382 3718 Digne
396 3640 517 3698 colenda
530 3641 614 3698 saeela
623 3661 675 3717 per
688 3645 801 3698 cuncta
844 3639 992 3716 Alleluya

725 3842 886 3901 XXXIX.

492 4019 494 4022 .
508 3966 557 4024 Dn
571 3982 719 4025 eruamus
733 3981 929 4024 rrnnrrnrnus
944 3964 1099 4022 Mirabilis.

202 4088 373 4146 Mrnlnrrrs
386 4088 474 4148 Dnus
488 4105 522 4146 ru
536 4104 657 4147 sarsoris
670 4088 818 4146 mirabilia
831 4088 905 4146 dans
917 4087 1081 4164 magnifica.

203 4169 263 4239 Qui
275 4169 333 4227 fide
345 4169 485 4246 praeolara
497 4170 633 4228 vieerrmt
647 4168 751 4227 mundi
764 4168 893 4246 pericula
905 4168 1097 4244 gravissima3

201 4250 224 4308 J
224 4251 344 4308 udicum
357 4250 462 4323 minas,
476 4251 598 4308 verbera
611 4258 641 4308 et
657 4250 813 4309 blanditias
827 4255 1048 4308 contemnentes
1062 4253 1161 4305 mente
1178 4247 1301 4306 robusta
1316 4251 1406 4308 veris

282 4330 356 4388 simo
369 4331 511 4389 fuderunt
522 4331 586 4408 regi
598 4332 719 4390 animas.

202 4410 282 4488 Ergo
294 4411 481 4487 triumphant
496 4411 595 4470 laurea
616 4412 726 4490 compti
739 4412 845 4489 eapite,
859 4411 953 4470 secuti
971 4417 1050 4469 recte
1070 4408 1195 4486 vestigia
1208 4409 1278 4487 agni
1291 4409 1405 4490 singul-

281 4511 341 4550 ans
349 4511 414 4568 Jam
428 4490 541 4551 Christi
553 4498 686 4553 sacrata:
