2946 5002
406 320 455 386 Ia
470 319 790 388 Ommemorotiooc
804 328 927 389 acceto
945 321 1072 391 Gracia.
1272 329 1335 393 159

196 485 342 545 Proteus.

196 567 348 645 Exsurgat
362 567 444 625 Deus
464 573 495 626 et
513 569 695 647 dissipentur
711 569 827 628 inimici
844 570 925 646 ejus:
946 577 977 628 et
997 569 1115 647 fugiant
1137 571 1190 647 qui
1211 571 1337 630 oderunt

137 667 204 708 eum
217 669 236 707 a
248 649 322 706 lacis
338 649 409 725 ejus.

197 729 301 789 Gloria
312 730 346 787 in
358 729 488 789 excelsis.

197 821 308 882 Oratio.

196 901 287 976 Deus,
302 902 356 979 qui
377 903 464 961 corda
487 903 618 961 fidelium
641 903 743 962 Sancti
765 903 896 981 Spiritus
920 905 1120 965 illustratione
1142 905 1277 979 docuisti,
1299 906 1337 964 da

137 983 221 1043 nobis
246 983 280 1041 in
303 983 405 1041 eodem
428 984 542 1060 Spiritu
569 991 650 1042 recta
672 1004 781 1062 sapere,
804 992 836 1042 et
857 985 894 1043 de
917 990 981 1065 ejus
1001 1006 1116 1064 semper
1138 986 1337 1046 consolatione

136 1065 269 1143 gaudere.
312 1064 372 1122 Per
385 1064 556 1122 Dominum.
600 1066 640 1122 In
653 1067 770 1124 unitate
784 1067 922 1142 ejusdem

194 1156 292 1216 Lara
305 1157 436 1216 Actorum
449 1157 653 1234 Apostolorum
667 1157 746 1234 (ciii.
764 1159 879 1238 14-17)

196 1238 237 1296 In
250 1238 353 1296 diebus
366 1239 435 1310 illis,
451 1238 527 1296 Oum
541 1239 694 1298 audissent
708 1239 834 1315 apostoli
848 1241 900 1317 qui
919 1247 1006 1300 erant
1025 1241 1252 1318 Hierosolymis,
1266 1241 1338 1320 quia

134 1319 292 1396 recepisset
305 1319 438 1377 Samaria
451 1340 543 1395 osque
555 1319 598 1378 ad
612 1326 643 1377 et
656 1320 839 1397 accipiebant
853 1322 1001 1399 Spiritum
1015 1322 1166 1382 Sanctum.

196 1491 291 1550 Beata
309 1510 381 1569 gens
401 1493 485 1569 cujus
506 1498 552 1551 est
571 1492 720 1552 Dominus
738 1493 820 1552 Deus
843 1514 964 1554 eorum:
987 1496 1116 1574 populus
1137 1515 1226 1573 quem
1248 1495 1339 1574 elegit

136 1573 286 1634 Dominus
299 1573 331 1631 in
346 1573 538 1631 hereditatem
552 1574 616 1632 sibi.

142 1653 172 1715 V.
198 1654 300 1712 Verbo
319 1654 442 1711 Domini
460 1655 525 1712 caeli
541 1654 651 1712 firmati
668 1660 756 1714 sunt:
777 1660 808 1713 et
830 1655 945 1733 Spiritu
966 1657 1026 1715 oris
1047 1659 1111 1735 ejus
1132 1657 1229 1716 omnis
1241 1658 1339 1716 virtus

137 1753 249 1794 eorum.

197 1815 347 1892 Alleluya
394 1815 425 1874 V.
447 1815 538 1888 Veni,
556 1816 664 1874 Sancte
682 1815 820 1893 Spiritus,
840 1818 922 1896 reple
939 1824 1061 1877 tuorum
1078 1819 1166 1878 eorda
1185 1819 1338 1878 fidelium:

139 1895 230 1955 sttui
242 1896 349 1955 amoris
362 1897 396 1954 in
409 1897 452 1954 eis
465 1897 563 1974 ignem
577 1897 708 1957 accende.

196 1988 358 2065 Sequentia.
402 1989 492 2062 Veni,
502 1989 610 2048 Sancte
623 1990 760 2067 Spiritus,
776 2011 871 2067 quaere
883 1991 919 2051 io
937 1991 1046 2069 Viatia
1060 1992 1226 2054 Trinitatis.

198 2082 400 2158 Eooospeliwn.

198 2161 238 2220 In
264 2163 317 2220 illc
338 2169 477 2238 tempore,
503 2163 594 2221 Dixit
616 2163 705 2222 Jesus
729 2164 880 2242 discipulis
904 2165 986 2240 suis,
1015 2167 1047 2225 Si
1070 2166 1137 2244 quis
1160 2166 1261 2246 diligit
1280 2185 1338 2244 me,

139 2263 234 2321 quare
245 2243 281 2301 io
293 2244 340 2302 dio
353 2244 535 2303 Pentecosten

200 2335 392 2412 offertorium.
437 2335 586 2394 Oonfirma
598 2336 661 2406 hoc,
676 2337 766 2395 Deus.

195 2415 317 2477 Secreto.
360 2417 496 2490 Munera,
509 2436 684 2493 quaesumus,
700 2417 837 2478 Domine.

198 2496 349 2572 Praesotc‘o.
392 2498 453 2568 Qui
466 2497 632 2556 ascendens.

200 2576 381 2638 Communia
425 2577 533 2637 Factus
547 2585 592 2636 est
608 2584 735 2655 repente.

199 2658 440 2722 Postccmovaoio.
484 2659 587 2718 Sancti
600 2659 739 2738 Spiritus,
754 2659 891 2720 Domine.

420 2927 460 2986 Iu
481 2927 772 2986 Oouuanoasrronn
792 2940 915 2985 ssucrn
934 2924 1058 2985 Onnum.

203 3034 343 3113 Officium
522 3074 524 3081 ι

201 3117 267 3176 Nos
279 3122 380 3175 autem
392 3116 513 3193 gloriari
526 3119 643 3191 oportet
655 3114 688 3172 in
705 3132 790 3172 cruce
808 3112 933 3171 Domini
949 3112 1045 3170 nostri
1062 3111 1085 3171 J
1085 3131 1137 3170 esu
1159 3110 1288 3170 Christi:
1307 3111 1341 3170 in

145 3217 201 3276 quc
221 3203 266 3256 cst
287 3197 375 3271 salus,
385 3199 451 3254 vita
473 3203 503 3255 et
524 3195 699 3254 resurrectio
721 3200 843 3253 nostra:
873 3213 926 3271 per
943 3212 1032 3270 quem
1049 3193 1158 3252 salvati
1175 3198 1205 3251 et
1222 3192 1342 3252 liberati

145 3297 250 3419 mid
257 3367 380 3436 tenpore
392 3357 540 3431 Poscltoli,
553 3356 703 3432 Alleluya,
718 3354 853 3433 alleluya.

201 3451 475 3593 Ddaubsmiiiisereatur
492 3530 587 3588 nostri
607 3535 639 3587 et
659 3527 814 3588 benedicat
833 3527 936 3587 nobis:
957 3527 1108 3588 illuminet
1121 3527 1240 3587 vultum
1253 3547 1341 3587 suum

143 3632 233 3693 super
246 3632 308 3687 nos,
323 3619 355 3671 et
367 3612 541 3670 misereatur
554 3611 656 3669 nostri.

202 3695 274 3754 Noa
286 3693 397 3753 dicitw
410 3692 512 3752 Gloria
524 3693 558 3750 in
570 3690 693 3750 excelsis
707 3691 780 3750 Deo.

101 3882 104 3894 ‘
204 3872 296 3945 Deus,
310 3872 363 3949 qui
386 3870 534 3949 unigeniti
554 3870 626 3928 Filii
649 3869 696 3928 tui
718 3868 842 3928 Domini
869 3868 965 3928 nostri
984 3869 1060 3929 Jesu
1083 3869 1197 3930 Ohristi
1215 3870 1344 3947 pretioso

146 3954 287 4032 sanguine
305 3953 429 4011 vivifica
451 3952 545 4010 crucis
567 3951 712 4010 vexillum
733 3951 915 4009 sanctificare
936 3950 1077 4010 voluisti:
1106 3952 1241 4026 concede,
1263 3971 1344 4029 qua-

146 4053 254 4106 sumus,
269 4035 378 4111 eosqui
391 4033 521 4109 ejusdem
535 4038 645 4090 sancta
659 4025 753 4090 crucis
765 4031 897 4110 gaudent
909 4031 1028 4107 honore,
1042 4039 1096 4090 tua
1105 4052 1222 4111 quoque
1234 4031 1345 4109 ubique

141 4117 326 4195 promotione
337 4114 471 4193 gaudere
514 4113 574 4171 Per
586 4112 718 4172 eundem.

204 4207 255 4266 Ad
267 4206 468 4284 Philippenses
480 4204 530 4282 (ii
547 4204 642 4283 8-11).

207 4287 344 4347 hames:
368 4286 505 4346 Christus
524 4287 620 4344 factirs
640 4289 686 4345 est
704 4304 758 4362 pro
777 4285 862 4343 nobis
879 4283 1017 4343 obediens
1037 4305 1132 4363 usque
1152 4286 1191 4345 ad
1208 4292 1345 4359 mortem,

148 4377 272 4428 mortem
284 4374 384 4427 autem
398 4367 595 4444 erudiensque
612 4367 653 4428 ad
674 4368 745 4445 quia
761 4366 908 4426 Dominus
924 4372 1025 4427 noster
1045 4367 1067 4425 J
1069 4386 1135 4428 esus
1157 4367 1294 4427 Christus
1313 4367 1346 4426 in

145 4448 490 4532 amoenorum
