2946 5002
748 362 869 428 Prooae.

288 529 355 599 Quo
369 548 421 586 vos
435 527 518 605 Agni
530 529 662 586 membra
674 529 821 600 florentes,
837 535 988 605 tamquam
1003 529 1111 606 palma,

288 609 457 686 Splendetis
469 610 551 667 ouria
564 629 618 667 eeu
632 600 675 667 sol
695 610 852 687 stelligera,

289 690 404 748 Summi
417 710 506 767 super
519 710 607 748 aurea
621 690 732 762 sedilia,

288 772 459 847 Regnantes
467 772 535 848 jugi
547 772 657 829 alacres
670 772 804 828 victoria.

288 851 392 909 Dulcis
406 853 513 928 quibus
526 853 586 908 suit
598 852 676 909 calix
689 853 825 927 martyrii
837 872 891 928 pro
904 852 997 929 gloria

289 932 389 989 Multa
403 941 469 1009 post
484 933 606 990 vulnera
619 934 731 990 intrare
745 939 775 991 et
788 934 866 1010 regis
879 935 971 991 vestri
983 934 1082 991 aulam
1094 954 1102 1006 3

289 1013 374 1070 Saeva
395 1033 468 1089 quos
492 1020 639 1071 tormenta
659 1013 833 1072 fortissimos
855 1023 959 1072 contra
981 1015 1057 1073 bella
1077 1015 1163 1091 saeoli
1179 1015 1409 1092 comprobabant

371 1094 465 1151 millia
475 1115 484 1167 ;

289 1175 400 1232 Christi
414 1176 446 1231 in
459 1181 615 1251 conspeetu
636 1195 694 1252 quo
708 1176 791 1233 fieret
811 1176 940 1252 pretiosa
959 1196 1073 1253 semper
1089 1197 1168 1234 mors
1181 1182 1280 1235 vostra
1293 1175 1409 1234 faustis

371 1275 453 1311 sima.

290 1337 400 1393 Hostes
414 1337 466 1412 qui
478 1336 547 1393 fidei
561 1336 711 1394 vincentes
725 1357 791 1394 oum
805 1336 898 1414 gloria

291 1417 422 1473 Gestatis
435 1417 520 1473 rutili
533 1417 726 1492 triumphales
740 1417 861 1476 laureas.

289 1496 355 1555 Vos
369 1496 447 1554 clara
460 1497 588 1574 petimus
601 1498 676 1555 aulae
686 1499 750 1556 eaeli
763 1499 865 1571 sidera,

290 1577 386 1634 Vobis
398 1598 452 1636 nos
465 1579 686 1656 patriajungite
700 1579 902 1656 pulcherrima

293 1658 403 1717 Omnes
416 1660 506 1717 dieite

293 1739 341 1797 Sic
355 1742 415 1798 fiat.

848 1766 858 1794 1

758 1845 873 1903 XLII:

636 1962 698 2042 (Dn
711 1961 993 2041 Rasuannonioun)

271 2081 366 2138 Proaa
379 2081 420 2137 ad
433 2080 589 2154 Sequentia
603 2079 691 2156 Lyra.

273 2167 421 2244 Alleluya

212 2249 301 2306 Laus
315 2263 457 2306 Puncfflm
470 2266 573 2306 anona
586 2249 717 2325 angelica
730 2256 816 2306 canat
830 2269 883 2326 per
893 2250 1008 2320 saecula,

212 2330 284 2388 Vox
298 2337 415 2406 promat
428 2337 459 2387 et
471 2339 573 2386 nostra
587 2331 636 2387 oui
649 2330 776 2405 alleluya
789 2351 795 2387 :

214 2411 299 2468 Clavi
311 2411 473 2468 clementiae
486 2417 587 2467 vatum
604 2411 656 2486 qui
669 2411 767 2468 clausa
780 2412 911 2487 pandens
925 2411 1058 2488 symbola

213 2492 361 2550 Processit
375 2491 500 2568 virginis
513 2493 620 2567 Agnus
634 2497 665 2548 et
678 2492 808 2568 Sponsus
821 2513 894 2549 arva
906 2493 937 2549 in
953 2493 1017 2550 ista.

213 2573 279 2642 Quo
292 2592 346 2631 sua
359 2592 433 2649 quos
453 2573 585 2629 condidit
598 2574 734 2648 majestas
754 2573 875 2630 Deifera
887 2573 968 2630 illius
981 2574 1109 2631 salvaret
1121 2571 1244 2649 pulchra
1256 2574 1416 2648 prasentia

295 2653 445 2710 homifera.

214 2734 240 2792 Ο
254 2734 389 2791 miranda
402 2735 519 2791 bonitas
532 2738 538 2792 1
560 2735 608 2791 Sic
622 2735 730 2792 redisse
743 2736 859 2812 gaudia,
871 2735 979 2812 perisse
989 2735 1121 2808 erimina,
1134 2735 1251 2811 captiva
1264 2739 1295 2791 et
1305 2736 1415 2792 resolvi

294 2815 400 2871 saecula
413 2817 420 2871 l

220 2896 328 2971 Stupet
340 2902 456 2967 natura,
470 2901 551 2970 casta
563 2896 642 2972 quod
656 2896 787 2971 parturit
799 2896 915 2955 femina.

216 2976 380 3052 Nunquam
395 2977 499 3033 saecula
512 2977 590 3033 faeta
603 2976 711 3032 similia
724 2977 868 3034 viderant.

214 3057 317 3115 Crevit
330 3057 445 3132 virgine
462 3064 557 3114 matre
577 3057 754 3129 humanitas,
769 3058 817 3115 oui
834 3064 880 3115 est
896 3064 981 3134 patre
998 3078 1113 3135 semper
1130 3058 1293 3131 divinitas3
1312 3065 1416 3116 nostra

293 3138 422 3195 earnalia
435 3138 560 3213 sumpsit
574 3144 604 3195 et
620 3138 723 3214 spatia,
739 3138 799 3208 Qui
811 3139 900 3214 alpha
913 3146 959 3197 est
972 3140 1040 3197 etO
1053 3159 1107 3216 per
1120 3139 1224 3197 omnia

214 3220 324 3277 (lantat
336 3220 391 3276 hoo
404 3219 540 3292 mundus,
555 3220 639 3295 polus
653 3226 683 3277 et
691 3219 811 3296 jubilat,
827 3221 910 3296 signa
923 3220 1054 3277 innuunt
1066 3220 1152 3296 plura
1164 3227 1195 3278 et
1208 3219 1322 3296 fulgida
1335 3220 1416 3278 hune

295 3319 357 3358 esse
371 3301 532 3371 dominum,
546 3300 633 3359 homo
647 3320 701 3376 pro
715 3301 833 3358 homine
847 3301 960 3358 salvare
973 3302 1025 3377 qui
1039 3302 1155 3376 perdita
1168 3306 1298 3359 venerat.

216 3381 307 3439 Hune
320 3381 402 3456 plebs
415 3381 452 3437 ab
471 3381 600 3439 Hebraea
617 3382 743 3458 degener
759 3382 861 3458 gloria,
874 3381 962 3439 calice
980 3383 1087 3440 erroris
1106 3382 1129 3440 J
1131 3382 1215 3439 udaea
1231 3381 1323 3454 ebria,
1339 3381 1417 3440 celso

295 3462 450 3537 suspendio
464 3461 558 3519 amieis
571 3464 722 3526 mortifero
736 3463 858 3520 confixit
871 3462 1016 3540 parricida
1029 3463 1160 3538 pessima.

216 3542 277 3599 Hio
298 3562 361 3600 rem
382 3543 548 3599 inauditam
569 3545 684 3619 perlicit
704 3552 771 3620 post
785 3563 908 3615 crucem,
922 3543 1050 3601 claustra
1072 3543 1117 3600 leo
1135 3543 1221 3601 fortis
1241 3553 1313 3601 nain
1326 3543 1418 3622 fregit

297 3623 397 3694 Erebi,

217 3701 384 3780 Sanctaque
397 3704 490 3780 spolia
502 3723 592 3780 regno
606 3724 659 3779 rex
672 3724 777 3781 supero
791 3705 893 3763 evexit
906 3705 1013 3762 dextra
1026 3703 1200 3763 vexillifera.

218 3784 284 3841 Tali
297 3785 399 3842 ordine
413 3785 466 3861 qui
478 3785 605 3843 clemens
618 3805 671 3842 nos
684 3785 855 3844 redemerat.

219 3865 314 3922 Nobis
328 3866 415 3923 venia
429 3867 478 3935 sit,
492 3872 523 3924 ot
536 3885 652 3938 corona,
668 3886 728 3942 pax
741 3872 772 3924 et
785 3866 870 3923 alma

751 4065 875 4141 xnlru

660 4190 722 4267 (Du
740 4147 968 4267 Mupiiainus.)

456 4308 550 4367 Proao
563 4307 606 4366 ad
616 4306 773 4383 Sequentia
786 4307 872 4384 Lyra

456 4402 605 4478 Alleluya.
761 4468 773 4481 ..

396 4494 479 4553 Eoos
493 4509 635 4553 rutenus
648 4508 803 4566 essenon,
819 4502 959 4571 utsupra
974 4491 1043 4572 (vol.
1057 4491 1092 4551 ii.
1103 4511 1132 4571 p.
1149 4490 1228 4570 204).
