2946 5002
585 325 681 390 Festa
703 325 848 410 Aprilis.

480 491 659 549 Confirmari
672 491 745 549 dum
759 492 900 566 defertur,

481 572 554 630 Obit
568 573 674 642 infans,
690 579 721 630 ct
733 574 857 630 offertur

521 653 716 711 Suscitandus
729 655 856 729 praesuli.

481 734 647 792 Suscitatus
661 736 861 806 confirmatur,

482 815 523 872 Et
537 822 604 890 post
618 835 710 872 annos
724 816 911 892 mancipatur

522 895 671 972 Obsequio
686 897 818 954 Domini.

480 976 540 1034 Vir
554 996 592 1034 ex
605 977 666 1034 alto
680 977 800 1048 labitur,

482 1058 524 1116 Et
538 1059 694 1117 defunctus
709 1058 842 1115 creditur

523 1139 662 1197 Artubus
676 1140 797 1196 attritis.

482 1221 541 1278 Sed
554 1240 633 1278 mors
646 1221 748 1276 statim
762 1220 894 1295 pellitur,

480 1302 523 1358 Et
536 1303 584 1358 vir
596 1321 684 1358 sanus
697 1301 832 1357 redditur

522 1383 616 1440 Tactu
630 1382 788 1457 pontificis.

482 1463 538 1520 Est
552 1470 582 1520 et
595 1463 705 1519 morbis
719 1462 785 1519 aliis

484 1544 570 1601 Salus
585 1544 655 1600 data
669 1543 806 1619 plurimis

524 1624 666 1701 Ejusdem
681 1623 855 1700 precamine.

485 1705 578 1781 Cujus
594 1705 729 1763 Christus
743 1705 879 1780 precibus

484 1786 567 1844 Vero
581 1787 613 1843 in
628 1786 793 1843 caelestibus

524 1868 589 1925 Nos
602 1867 734 1925 illustret
746 1867 867 1923 lumino.

189 1982 285 2051 Qaaere
299 1982 333 2039 iu
347 1982 406 2041 alio
420 1983 513 2054 Festa,
529 1984 556 2040 si
569 1993 636 2040 cate
650 1983 765 2040 Pascha
780 1983 908 2040 arcuerit.

189 2062 318 2120 Gradale.
362 2064 438 2121 Ecce
452 2065 591 2121 sacerdos

188 2145 316 2202 Tractus.
360 2144 471 2201 Beatus
485 2146 539 2202 vir.

187 2225 386 2300 annpelium.
429 2225 530 2282 Homo
544 2225 667 2301 quidam
680 2245 808 2301 peregre.

188 2305 379 2380 offertorium.
423 2306 553 2364 Veritas

186 2385 304 2445 Secreta.

187 2467 224 2524 In
243 2469 340 2526 sancti
360 2468 509 2544 pontificis
531 2468 576 2525 tui
596 2467 732 2524 Wilfridi
752 2468 881 2543 pretiosa
905 2468 1100 2525 translatione
1124 2473 1163 2540 te,
1186 2467 1325 2539 Domine,

138 2548 292 2606 mirabilem
312 2550 507 2625 praedicantes
527 2568 651 2605 munera
671 2549 773 2605 votiva
793 2547 959 2607 deferimus.
1003 2548 1124 2621 Praesta,
1147 2568 1325 2626 quaesumuS,

137 2635 165 2686 ut
182 2630 257 2687 sic'ut
279 2631 343 2705 ejus
363 2630 422 2686 tibi
441 2638 527 2705 grata
547 2636 619 2686 suut
638 2629 812 2700 me1·ita,sic
833 2635 940 2686 nostra*
962 2631 1115 2688 servitutis
1131 2636 1250 2706 accepta
1263 2631 1326 2687 rcd-

137 2711 229 2768 damus
243 2711 346 2768 officia.
390 2711 450 2768 Per
464 2711 635 2768 Dominum.

188 2791 370 2851 Commutato.
415 2791 525 2849 Beatus
539 2812 650 2849 senus.

186 2873 429 2931 Poatcommania

188 2954 354 3023 Sumentcs,
369 2954 507 3023 Domine,
522 2953 631 3029 gaudia
650 2953 829 3028 sempiterna
847 2953 883 3009 de
902 2953 1128 3029 participatione
1149 2952 1327 3011 sacramenti

136 3035 206 3092 etde
219 3035 384 3092 fastivitate
397 3035 478 3091 beati
492 3034 628 3092 Wilfridi
646 3034 794 3110 pontificis
815 3034 861 3090 tui
882 3033 1056 3110 suppliciter
1076 3035 1275 3111 deprecamur,
1290 3043 1326 3091 ut

136 3135 192 3191 quae
212 3116 314 3173 sedula
335 3116 479 3174 servitute
502 3117 640 3193 gerimus,
663 3116 760 3191 dignis
785 3115 919 3172 sensibus
943 3121 997 3171 tua
1020 3135 1144 3173 munera
1168 3116 1325 3190 capiamus,

137 3196 188 3253 Per
200 3197 373 3257 Dominum.

329 3401 441 3459 Saucrr
465 3401 582 3472 Murci,
603 3418 825 3458 nvnuuunrsrn.
871 3400 931 3477 (vii.
950 3400 1019 3456 Kal.
1037 3400 1123 3477 Mai.)

190 3549 328 3624 Officium.
373 3548 538 3606 Protexisti
551 3569 606 3608 me.

191 3630 298 3690 Oratio.

189 3711 278 3782 DeuS,
290 3711 342 3787 qui
352 3711 439 3767 nobis
450 3730 502 3786 per
514 3710 714 3768 ministerium
728 3711 808 3768 beati
819 3710 924 3781 Marci,
935 3711 1122 3787 evangelistae
1134 3717 1164 3769 et
1178 3711 1328 3786 martyris,

135 3792 177 3848 tui
192 3793 349 3849 veritatem
367 3792 514 3868 evangclii
533 3791 668 3867 patefieri
687 3792 810 3849 voluisti
819 3812 827 3864 3
851 3793 985 3862 concede,
1007 3812 1183 3868 quaesumus,
1200 3798 1235 3848 ut
1249 3795 1328 3868 quod

135 3873 167 3930 ab
180 3872 259 3930 illius
273 3892 323 3930 ore
337 3872 504 3944 didicimus,
520 3874 617 3948 gratia
630 3880 683 3929 tua
697 3872 793 3949 adjuti
807 3872 923 3948 operari
937 3873 1094 3929 valeamus.
1138 3873 1203 3929 Per.

189 3954 329 4030 Epistola.
373 3953 545 4029 Unicuique
559 3960 700 4011 vestrum.

189 4035 337 4111 Alleluya.
387 4035 415 4092 V.
440 4035 558 4091 Primus
569 4035 606 4092 ad
621 4035 700 4092 Sion.

190 4116 337 4191 Alleluya.
387 4116 416 4173 V.
440 4115 489 4172 Ite
502 4117 640 4173 nuntiate
654 4116 795 4172 tratribus
809 4115 889 4187 meis,
903 4121 937 4172 ut
951 4120 1020 4171 eant
1033 4115 1063 4171 in
1081 4115 1251 4189 Galilaeam3
1286 4120 1329 4178 ibi

136 4197 342 4255 meridebunt.

190 4277 353 4352 Sequentia.
397 4277 510 4334 Plausu
524 4277 639 4346 chorus,
654 4286 680 4334 et
694 4286 793 4347 cetera,
808 4286 843 4333 at
856 4276 890 4333 ira
905 4275 1070 4334 Communi.

190 4359 392 4434 anaqcla'um.
436 4358 612 4416 Convocatis
625 4358 647 4416 J
649 4378 715 4415 esus
728 4358 890 4414 duodecim.

191 4439 290 4498 credo.
