2946 5002
525 377 634 443 Missa
651 349 866 463 pro'Amico.
1081 369 1084 372 ”
1230 381 1294 451 167

157 542 350 617 Offertoriaaa.

154 623 246 682 Stetit
266 625 389 701 angelus
411 625 502 700 J'uxta
529 645 611 682 aram
632 626 743 702 templi,
769 625 881 684 habens
905 625 1095 684 thuribulum
1120 645 1243 684 aureum
1265 626 1300 684 in
1357 699 1359 703 7

95 723 185 762 manu
198 724 252 763 sua
265 726 271 763 :
292 711 323 763 et
336 705 406 762 data
420 712 490 763 sunt
509 707 538 764 ei
550 706 669 764 incensa
681 706 794 765 multa:
815 713 846 765 et
866 707 998 765 ascendit
1018 707 1118 765 fumus
1131 714 1299 765 aromatum

95 786 128 842 in
141 791 298 862 conspectu
312 785 378 858 Dei,
392 785 527 862 alleluya

155 865 275 925 Secrcta.

155 947 279 1005 Hostias
298 946 364 1019 tibi,
387 946 523 1018 Domine,
545 947 642 1006 laudis
672 949 830 1022 offerimus,
851 948 1023 1026 suppliciter
1043 950 1242 1026 deprecantes,
1264 954 1301 1018 ut

96 1027 220 1099 easdem,
234 1027 366 1104 angelico
385 1047 439 1105 pro
459 1029 545 1085 nobis
564 1029 781 1088 interveniente
801 1030 947 1107 suffragio,
962 1036 993 1087 et
1012 1031 1145 1107 placatus
1165 1029 1298 1107 accipias,

97 1115 127 1165 et
140 1108 316 1166 adsalutem
330 1115 461 1166 nostram
471 1110 627 1186 provenire
641 1110 787 1168 concedas.
830 1111 889 1168 Per
902 1111 1074 1170 Dominum.

159 1187 342 1248 Oornmaaio.

157 1269 328 1328 Benedicite
345 1290 446 1328 omnes
463 1270 561 1347 angeli
574 1266 697 1328 Domini
711 1271 841 1329 Domino
855 1293 862 1330 ε
883 1271 1030 1348 hymnum
1043 1271 1141 1344 dicite,
1155 1277 1187 1330 at
1203 1291 1301 1349 super-

100 1349 226 1408 exaltate
241 1351 352 1408 eumin
368 1351 481 1410 saecula.

152 1431 399 1491 vPostcoaaaaaio.

157 1511 286 1589 Repleti,
312 1512 449 1584 Domine,
474 1512 678 1571 benedictione
702 1511 819 1585 oaelesti,
844 1513 1018 1590 suppliciter
1041 1513 1242 1590 imploramus,
1267 1518 1304 1569 ut

102 1592 177 1669 quod
185 1592 285 1668 fragili
294 1593 475 1651 celebramus
483 1594 585 1665 offici0,
595 1599 764 1651 sanctorum
773 1594 943 1670 angelorum
958 1604 1049 1671 atque
1060 1593 1302 1670 archangelorum

101 1672 289 1750 omniumque
303 1674 465 1731 caelestium
478 1674 638 1752 spirituum
651 1674 737 1730 nobis
750 1675 886 1750 prodesse
904 1675 1067 1733 sentiamus
1080 1675 1201 1733 auxilio·
1234 1673 1299 1731 Per.

543 1875 643 1934 Mssa
664 1892 721 1933 nno
735 1877 857 1935 Aramo.

162 1954 303 2030 Officium.

160 2035 266 2094 Justus
290 2055 329 2109 es,
351 2036 489 2109 Domine,
504 2043 534 2094 et
558 2043 672 2094 rectum
691 2037 840 2113 judicium
863 2044 971 2096 tuum:
993 2036 1040 2096 fao
1058 2057 1125 2095 cum
1146 2057 1230 2096 servo
1250 2043 1304 2096 tuo
1331 2036 1333 2042 ’

67 2154 70 2159 ·
104 2107 260 2174 secundum
269 2081 500 2175 1111111111011111111
514 2124 603 2176 tuam.

161 2197 304 2255 Psalmas.
348 2197 436 2256 Beati
448 2199 628 2256 immaculet
607 2206 631 2256 tr
644 2199 677 2255 in
690 2199 759 2256 via:
781 2219 834 2276 qu1
824 2197 1022 2256 ''ambulant
1013 2219 1046 2256 1n
1059 2199 1124 2276 lege
1138 2198 1269 2257 Domini.

163 2276 271 2336 Oratio.
1203 2307 1205 2312 ·

162 2358 357 2435 Omnipotens
370 2360 547 2436 sempiterne
561 2361 651 2429 Deus,
665 2360 803 2418 miserere
816 2360 927 2418 famulo
947 2367 1000 2418 tuo
1020 2361 1071 2432 Ν.,
1087 2367 1117 2419 et
1130 2361 1223 2437 dirige
1237 2380 1306 2418 eum

105 2440 261 2497 secundum
275 2446 359 2498 tuam
372 2440 559 2498 clementiam
572 2442 606 2498 in
618 2442 699 2498 viam
713 2442 817 2500 salutis
831 2448 948 2499 aeternae
960 2462 969 2513 ;
989 2448 1025 2499 ut
1042 2449 1074 2500 te
1094 2443 1233 2516 donante,
1248 2442 1306 2499 tibi

106 2519 212 2595 placita
224 2521 334 2597 cupiat,
350 2528 381 2578 ct
394 2527 459 2579 tota
471 2523 584 2579 virtute
598 2522 737 2599 perficiat.
781 2522 846 2581 Per.

163 2611 214 2670 Ad
226 2613 375 2671 Romanos
387 2613 405 2690 (
405 2614 467 2672 1111
482 2615 529 2687 26,
546 2613 584 2673 27
586 2617 611 2692 )

163 2693 298 2751 Fratres:
320 2694 449 2775 Spiritus
462 2660 585 2772 adjrivat
598 2695 803 2753 infirmitatem
812 2715 902 2771 usqae
915 2697 956 2754 ad
969 2695 1101 2772 postulat
1114 2715 1168 2773 pro
1182 2695 1275 2754 nobis.

165 2785 236 2844 Alia
248 2787 403 2864 Epistola:
423 2787 474 2846 Ad
487 2789 609 2846 Galatas
622 2789 677 2866 (ai.
695 2789 721 2859 l,
738 2790 783 2864 2).

164 2866 304 2927 Fratres:
326 2868 360 2926 Si
372 2867 591 2947 praeoccupatus
604 2889 695 2945 usqae
707 2834 748 2927 dd
762 2870 799 2927 ad
813 2869 974 2947 implebitis
987 2870 1082 2947 legem
1095 2870 1215 2928 Christi

167 2959 302 3019 Gradale.
345 2961 467 3018 Salvum
480 2962 526 3019 fac
540 2982 658 3020 servum
671 2969 778 3021 tuum:
800 2962 883 3020 Deus
896 2983 979 3021 meus
980 2964 1190 3040 ,sperantem
1181 2983 1213 3019 m
1228 2970 1265 3021 te.

115 3040 143 3098 V.
164 3041 299 3099 Auribus
311 3043 428 3119 percipe
442 3044 605 3101 orationem
619 3063 722 3102 meam

165 3121 314 3198 Alleluya.
363 3123 392 3181 V.
416 3123 462 3181 De
475 3124 630 3201 profundis
650 3124 776 3182 clamavi
789 3125 826 3182 ad
840 3130 870 3182 tc
881 3125 1026 3183 Domine:
1049 3124 1186 3196 Domine,
1201 3124 1310 3198 exaudi

108 3220 207 3262 vocem
220 3223 325 3262 meana

166 3282 333 3342 Secundam
346 3284 458 3343 Lucam
472 3285 527 3360 (xi.
545 3285 638 3362 9-13)

169 3365 208 3422 In
221 3364 274 3422 illo
287 3376 427 3442 tempore,
440 3366 528 3423 Dixit
538 3367 560 3424 J
562 3386 627 3424 esus
638 3366 788 3443 discipulis
801 3367 880 3439 suis,
902 3367 1000 3425 Petite
1011 3386 1101 3442 usqae
1115 3367 1156 3424 ad
1166 3366 1310 3442 Spiritum

112 3444 219 3502 bonum
233 3447 403 3522 petentibus
417 3466 455 3504 se.

169 3524 338 3584 Secundam
350 3528 490 3585 Marcam
503 3527 561 3604 (aci.
578 3528 694 3600 23-26).

170 3606 208 3664 In
222 3607 274 3664 illo
287 3614 427 3684 tempore,
444 3608 534 3665 Dixit
546 3609 568 3666 J
569 3628 635 3666 esus
653 3609 805 3685 discipulis
819 3609 899 3681 suia,
919 3610 1029 3679 Amen,
1045 3609 1110 3666 dico
1124 3607 1218 3679 vobis,
1234 3608 1312 3677 Quis

114 3686 216 3763 siquis
229 3688 341 3746 dixerit
354 3688 423 3746 huic
437 3689 534 3746 monti
546 3710 637 3764 usqae
650 3691 691 3748 ad
704 3690 813 3748 delicta
826 3696 932 3748 vestra.

174 3767 365 3841 Offertoaiam.

172 3848 325 3926 Sperent
316 3870 350 3907 1n
370 3857 400 3908 te
413 3851 579 3926 omnesqui
598 3857 746 3908 noverunt
765 3871 875 3909 nomen
893 3858 989 3921 tuum,
1005 3849 1152 3908 Domine:
1173 3848 1354 3933 quoniam

117 3947 174 3986 non
199 3929 377 4007 derelinquis
402 3938 565 4007 quaerentes
588 3938 636 4004 te,
668 3932 786 4008 psallite
807 3933 936 3992 Domino
959 3931 1011 4007 qui
1035 3930 1182 3988 habitat
1173 3951 1206 3988 m
1231 3930 1313 3999 Sion,

118 4009 253 4083 quoniam
266 4030 328 4068 non
341 4018 385 4069 est
399 4011 509 4068 oblitus
522 3977 686 4070 oratioriem
698 4013 843 4090 pauperis.

174 4089 196 4146 I
195 4111 215 4147 η
229 4100 351 4168 tempore
364 4091 477 4150 Pascha
479 4092 672 4169 li‚A11.e1uya

176 4170 295 4232 Secreta.

177 4249 324 4323 Proficiat‚
339 4272 514 4328 quaesumus,
530 4254 666 4326 Domine,
680 4255 742 4311 haec
763 4254 872 4311 oblatio
886 4271 974 4329 quam
987 4258 1047 4309 tuae
1062 4252 1206 4346 supplices
1219 4251 1315 4308 offeri·

122 4349 183 4388 mus
192 4333 349 4408 majestati,
363 4334 401 4390 ad
414 4333 541 4391 salutem
560 4299 666 4392 famuli
685 4336 740 4406 tui,
757 4341 792 4392 ut
811 4341 864 4391 tua
877 4353 913 4410 p1
913 4332 1103 4390 ovrdentra
1078 4354 1103 4409 eJ
1108 4353 1143 4390 us
1156 4334 1220 4390 vita
1238 4333 1318 4390 inter

113 4410 238 4470 adversa
251 4420 282 4471 et
295 4433 434 4491 prospera
447 4414 557 4490 ubique
571 4414 723 4491 dirigatur.
767 4416 826 4473 Per
839 4414 1011 4473 Dominum

180 4491 221 4550 Ia
235 4501 357 4570 tempore
370 4493 518 4566 Pascltabi,
532 4495 682 4572 Alleluya,
697 4496 833 4571 alleluya.
