2946 5002
563 287 658 352 Festa
678 288 844 372 Auyuste'.¹

466 452 513 510 De
526 455 609 529 cujus
623 454 731 511 militia

466 533 558 590 Oaeli*
571 535 679 611 gaudet
693 536 782 608 curia,

466 614 544 683 Quia
556 616 629 672 vicit
642 616 728 674 hodie

506 695 661 753 Ministros
674 696 823 772 nequitia.

466 787 514 845 Ut
527 789 606 845 hunc
620 809 687 864 ergo
701 809 753 865 per
765 795 923 866 patronum

467 869 687 945 Oonsequamur
699 871 769 927 vitae
783 871 902 941 donum,

466 949 505 1005 In
518 949 599 1007 illius
612 951 660 1007 die
672 951 746 1007 festo

507 1030 619 1087 Chorus
633 1039 731 1089 noster
743 1032 830 1088 laetus
840 1037 910 1103 esto,

467 1111 490 1168 J
491 1112 638 1168 oeundum
651 1113 681 1169 in
698 1113 829 1169 Ecclesia

509 1193 679 1250 Decantans
693 1193 827 1268 alleluya.

167 1309 367 1384 Eooayeliam.
410 1312 479 1369 Nisi
491 1333 616 1389 granum
629 1314 778 1371 frumenti.
796 1385 797 1389 Ἰ

169 1403 364 1542 glddldddddmdzt
375 1486 542 1562 pulcritudo
562 1488 595 1544 in
615 1489 866 1565 conspectuejus:
887 1487 1027 1544 sanctitas
1041 1491 1071 1542 et
1085 1485 1303 1561 magnificentia

106 1563 141 1620 in
155 1566 386 1624 sanctificatione
400 1569 469 1644 ejus.

170 1657 290 1716 Secreto.

170 1739 291 1814 Accipe,
319 1760 493 1816 quaesumus,
523 1740 659 1814 Domine,
686 1756 811 1798 'munera
838 1741 995 1817 dignanter
1029 1739 1137 1812 oblata,
1167 1745 1198 1796 et
1223 1739 1304 1796 beati

110 1819 265 1876 Laurentii
288 1822 515 1898 suffragantibus
534 1821 647 1880 meritis
669 1823 706 1880 ad
729 1828 837 1879 nostrae
857 1821 961 1878 salutis
981 1820 1128 1877 auxilium
1148 1821 1304 1896 provenire

111 1901 241 1957 concede.
286 1901 343 1958 Per
357 1902 528 1960 Dominum.

173 1992 350 2054 Communia
395 1995 455 2064 Qui
467 1996 542 2052 mihi
554 1996 711 2052 ministrat.

173 2086 412 2145 Poetcommuaio.

173 2165 260 2223 Sacro
283 2187 405 2225 munere
428 2168 536 2240 satiati,
554 2169 698 2244 supplices
721 2173 760 2240 te,
782 2166 918 2240 Domine,
940 2167 1138 2243 deprecamur,
1166 2170 1202 2222 ut
1226 2166 1304 2241 quod

114 2245 218 2303 debitae
252 2249 403 2306 servitutis
437 2249 614 2306 celebramus
651 2249 753 2319 officio,
789 2248 990 2304 intercedente
1021 2249 1108 2304 beato
1143 2246 1305 2303 Laurentio

113 2333 241 2402 martyre
254 2335 316 2402 tue,
332 2330 502 2386 salvationis
516 2337 576 2386 tuae
590 2330 750 2386 sentiamus
764 2335 963 2406 augmentum.
1006 2327 1071 2384 Per.

344 2568 455 2625 Saron
476 2569 626 2640 Trnunrn,
648 2586 807 2626 naariam.
853 2568 904 2645 (iii.
921 2568 966 2626 Id.
982 2568 1074 2646 Aug.)

180 2701 316 2778 Officium
359 2707 381 2764 J
382 2713 473 2779 ustus,
489 2715 524 2764 ut
536 2709 640 2784 palma.

176 2799 405 2936 gdddioliburtii
418 2882 556 2957 martyris
566 2881 613 2938 tui
622 2901 684 2954 nos,
696 2881 833 2954 Domine,
844 2881 964 2938 foveant
978 2880 1150 2938 continuata
1163 2882 1307 2956 praesidia,

117 2958 185 3033 quia
211 2980 272 3016 non
298 2961 406 3016 desinis
434 2963 578 3038 propitius
604 2963 724 3036 intueri,
754 2983 826 3039 quos
853 2962 962 3019 talibus
989 2962 1108 3019 auxiliis
1135 2964 1308 3021 concesseris

117 3039 257 3114 adjuvari.
301 3040 359 3098 Per
373 3041 535 3099 Dominum
550 3050 691 3100 nostrum.

177 3133 318 3209 Epistola.
362 3136 513 3193 Doctrinis
526 3137 623 3194 variis.

180 3226 312 3285 Gradal.
358 3229 398 3286 Os
408 3230 493 3305 justi.

178 3309 324 3385 Alleluya.
375 3311 403 3367 V.
426 3310 564 3383 Posuisti,
580 3311 714 3368 Domine.

179 3401 376 3477 Eeaayelium.
419 3401 585 3462 Secundam
599 3403 780 3461 Mattleaeum.
825 3401 857 3465 si
870 3401 936 3477 quis
950 3402 1016 3459 vult
1029 3402 1139 3460 venire.

185 3494 376 3568 Offertoriam.
419 3495 458 3553 In
471 3497 584 3554 virtute
598 3503 657 3554 tua.
711 3510 715 3516 ’

178 3588 303 3739 ἒθάσζεθὺιὲ,
316 3668 443 3726 Domine
457 3663 591 3746 precibus
604 3670 706 3746 populi
719 3669 773 3739 tui,
788 3669 887 3726 adesto
901 3669 1080 3740 muneribus,
1092 3673 1127 3725 ut
1141 3687 1206 3743 quae
1221 3667 1310 3724 sacris

118 3755 187 3885 syynt
200 3750 299 3842 oblata
311 3751 468 3826 mysteriis
483 3757 603 3808 tuorum
616 3752 673 3808 tibi
683 3751 816 3827 placeant
829 3750 1035 3808 intercessione
1048 3754 1222 3806 sanctorum.
1252 3747 1312 3804 Per

153 3849 290 3887 ominum.

182 3922 362 3981 Communia
405 3923 542 3981 Posuisti.

182 4016 422 4075 Postcommuaio.

181 4097 371 4172 Sumpsimns,
387 4098 522 4170 Domine,
538 4097 644 4174 pignus
658 4095 866 4172 redemptionis
880 4100 996 4152 aeternae
1010 4094 1050 4150 sit
1062 4093 1156 4166 nobis,
1172 4094 1309 4166 Domine,

121 4196 293 4252 quaesumus,
314 4179 529 4236 interveniente
556 4179 641 4234 beato
669 4178 804 4260 Tiburtio
827 4183 957 4252 martyre
984 4181 1045 4248 tuo,
1066 4174 1136 4232 vitae
1160 4177 1313 4252 praesentis

124 4259 267 4315 auxilium
280 4260 390 4335 pariter
403 4266 433 4318 et
446 4260 560 4317 futurae.
604 4258 662 4315 Per
676 4257 846 4314 Dominum.

519 4415 532 4441 ⁸
548 4413 589 4460 Sic
598 4413 670 4459 MSS.
701 4409 908 4458 Edu-ualentia
