2946 5002
727 349 845 414 Proser.

756 540 810 599 LI.

447 650 499 706 Ad
511 647 666 724 Sequentia
680 646 898 741 Lanatussum.

448 745 530 802 Allel
590 791 596 804 .

388 765 590 900 Rsauauiicii
604 840 808 912 Summanus,
823 849 858 898 ut
870 860 963 916 cupre
978 838 1047 918 (voi
1063 837 1082 894 i
1098 856 1125 913 p.
1142 835 1181 914 4).

719 1071 722 1077 .
750 1022 821 1083 LII.

489 1143 584 1201 Prusa
597 1144 638 1201 nd
649 1143 806 1218 Sequentia
820 1143 937 1216 Excita,
951 1142 1089 1200 Domine.

489 1239 637 1315 Alleluya

430 1337 492 1407 Qu1
511 1354 599 1396 anum
620 1353 751 1394 scamni
773 1335 842 1414 (vol.
857 1336 880 1394 i.
894 1356 922 1412 p.
938 1335 978 1413 5).

741 1505 829 1562 LIII.

292 1629 384 1687 Proen
397 1631 437 1686 ad
450 1628 606 1704 Sequentia
620 1628 768 1686 Dominus
782 1627 926 1705 regnavit.

290 1726 439 1802 Alleluya.

230 1823 357 1881 Nosrlm
377 1840 457 1882 uuae
477 1840 560 1882 uuae
580 1840 649 1895 rue,
665 1843 726 1895 rex,
741 1822 907 1894 clementia,
924 1819 1049 1893 Christe,
1063 1823 1182 1896 regatur
1197 1814 1336 1872 Ecclesia

229 1916 347 1974 Exaudi
361 1916 529 1992 precamina
547 1923 579 1974 te
592 1916 746 1974 laudantia
759 1924 858 1973 mente
871 1934 963 1992 pura:

229 1997 280 2055 Ita
292 2016 362 2054 nam
376 1998 440 2055 laus
453 2005 498 2055 est
506 1997 564 2055 ribi
572 2005 665 2073 grate,
679 2017 736 2054 vox
750 1997 867 2072 siquod
881 2001 983 2053 nostra
996 1999 1081 2051 sonat
1095 1988 1276 2050 consciencia
1285 1996 1390 2047 canat:

230 2078 317 2148 Quod
330 2084 364 2135 ut
375 2079 511 2135 omnibus
526 2079 688 2153 preveniat,
704 2078 849 2135 indefesse
863 2076 965 2134 divina
977 2080 1134 2152 precentur
1147 2069 1271 2131 auxilia.

230 2159 310 2216 Nam
323 2159 492 2235 quicunque
505 2159 593 2236 digne
606 2165 759 2216 merentur
771 2178 814 2230 ea,

231 2239 346 2297 Cuncta
359 2240 401 2296 eis
414 2259 528 2316 semper
541 2252 612 2298 sunt
626 2239 753 2297 salubria
764 2258 772 2310 ;

231 2320 345 2390 Quibus
358 2322 421 2378 aine
435 2320 565 2378 humana
578 2321 705 2397 cogitata
719 2340 780 2377 non
793 2319 889 2377 utilia.

230 2401 445 2476 Relinquenies
458 2402 552 2477 igitur
564 2402 673 2459 itinera
686 2403 811 2458 nimium
826 2401 897 2468 lata,

230 2483 398 2560 Augustam
413 2482 493 2539 viam
507 2484 676 2559 gradiamur
689 2503 754 2559 quae
768 2482 903 2559 perducit
916 2500 970 2539 nos
983 2480 1021 2538 ad
1034 2479 1135 2538 vitam.

231 2563 307 2622 Haec
319 2563 399 2620 enim
412 2582 494 2621 saera
506 2565 632 2641 vestigia
645 2563 839 2640 Redemptori
852 2569 922 2620 sunt
935 2562 1051 2639 placita,
1163 2620 1165 2626 A

230 2643 290 2712 Qui
303 2649 334 2702 ei
347 2650 448 2701 nostra
460 2651 594 2721 tempora
607 2645 655 2721 pie
669 2646 807 2722 disponat
819 2663 934 2720 semper
946 2662 1057 2719 nosque
1070 2647 1213 2719 protegat,

232 2724 424 2799 Patriamquc
438 2726 580 2782 miserans
593 2727 682 2784 ducat
695 2727 732 2783 ad
746 2726 865 2795 almam,
880 2744 939 2800 qua
952 2724 1015 2781 sine
1028 2725 1086 2782 fine
1099 2729 1203 2800 regnat
1215 2741 1223 2794 ;

232 2804 411 2880 canticaque
425 2807 453 2863 ei
465 2813 567 2864 nostra
579 2807 715 2883 placeant
728 2826 782 2883 per
794 2812 901 2864 cuncta
914 2805 1006 2863 saeela

750 2987 834 3046 LIV.

621 3107 684 3184 (De
704 3105 959 3185 Iucunuerroun.)

333 3223 428 3282 Proca
441 3225 482 3282 ed
494 3224 650 3300 Sequerdia
663 3225 801 3298 Domine,
816 3222 971 3300 refugium.

337 3319 487 3397 Alleluya.

272 3418 383 3475 Leunn
402 3434 524 3476 canoas
543 3436 604 3477 vox
625 3436 766 3478 runcare

273 3498 367 3556 Sileat
380 3499 463 3555 nulla

274 3578 438 3636 Gaudenda
451 3579 520 3637 dare
533 3582 679 3656 praeconia
691 3601 745 3658 per
757 3599 837 3651 arva,
852 3576 1023 3655 persidem,

272 3659 412 3717 Fecunda
425 3661 559 3718 mittenti
572 3663 680 3719 nuntia
693 3681 762 3718 mox
776 3666 896 3738 partum
910 3657 1072 3734 sequentia,

273 3740 408 3816 Virginis
421 3739 459 3798 ad
472 3761 557 3800 aures
571 3743 775 3819 concipiendas
788 3759 913 3798 munera
924 3739 1081 3816 gaudiflua

274 3821 346 3896 Spes
361 3820 445 3893 unde,
460 3823 523 3895 lux,
539 3824 603 3880 vita
614 3825 723 3900 prodit,
737 3823 833 3893 venia,
848 3821 969 3879 libertas
982 3827 1013 3877 et
1026 3819 1126 3896 gloria.

274 3902 355 3959 Hinc
368 3908 468 3978 stupet
480 3910 594 3977 maier3
613 3906 741 3962 miratur
753 3904 836 3980 virgo
848 3923 857 3975 3
877 3908 1001 3960 cummi
1013 3920 1067 3977 per
1079 3902 1180 3959 orbem
1192 3897 1343 3956 miracula

275 3983 341 4040 Pax
354 3983 478 4041 califlua
491 3985 583 4042 vestit
596 3986 702 4043 sucula
715 4004 801 4056 nova,
815 3983 895 4060 capit·
908 3982 985 4040 dona
998 3989 1106 4039 natura
1119 4002 1126 4039 :

273 4063 370 4121 Tanta
382 4064 432 4122 sed
446 4066 547 4123 fremit
559 4066 596 4124 ad
610 4067 738 4144 insignia
751 4066 833 4142 plebs
846 4064 907 4122 sola
920 4063 1048 4121 Iudaica
1054 4082 1063 4135 3

274 4144 339 4202 Sibi
352 4164 456 4216 nocua,
470 4148 555 4205 nobis
568 4150 720 4205 commoda
732 4153 818 4223 parat
831 4165 864 4203 ae
878 4143 1044 4221 suspendia.

274 4225 358 4283 Hinc
368 4227 498 4285 maxima
507 4228 613 4286 iterum
626 4229 690 4286 laus
701 4229 789 4285 micat
799 4227 921 4298 soliflua,
932 4225 1037 4282 mortis
1043 4224 1113 4301 jura
1123 4223 1235 4283 cadunt
1243 4220 1389 4299 improba,

274 4305 362 4364 Sacra
375 4326 460 4364 cruce
472 4328 596 4368 munera
609 4311 758 4369 deferente
772 4308 873 4365 vivida
886 4307 932 4365 bis
945 4306 1016 4363 bina
1029 4306 1109 4364 orbis
1122 4326 1174 4384 per
1187 4305 1314 4363 climata

274 4386 416 4525 Exsuptat
436 4388 505 4448 hinc
519 4391 691 4469 dignissima
710 4389 897 4467 triumphans
916 4386 974 4446 fide
989 4387 1121 4463 jocunda
1140 4405 1246 4465 spuma
1259 4383 1392 4445 Ecclesia

370 4468 463 4527 ucida.
