<?xml version="1.0" encoding="UTF-8"?>
<!DOCTYPE html PUBLIC "-//W3C//DTD XHTML 1.0 Transitional//EN"
    "http://www.w3.org/TR/xhtml1/DTD/xhtml1-transitional.dtd">
<html xmlns="http://www.w3.org/1999/xhtml" xml:lang="en" lang="en">
 <head>
  <title>
</title>
<meta http-equiv="Content-Type" content="text/html;charset=utf-8" />
  <meta name='ocr-system' content='tesseract 3.04.00' />
  <meta name='ocr-capabilities' content='ocr_page ocr_carea ocr_par ocr_line ocrx_word'/>
</head>
<body>
  <div class='ocr_page' id='page_1' title='image "./missaleadusumin02churgoog_0043.png"; bbox 0 0 2946 5002; ppageno 0'>
   <div class='ocr_carea' id='block_1_1' title="bbox 135 364 885 462">
    <p class='ocr_par' dir='ltr' id='par_1_1' title="bbox 135 364 885 462">
     <span class='ocr_line' id='line_1_1' title="bbox 135 364 885 462; baseline 0.001 -34"><span class='ocrx_word' id='word_1_1' title='bbox 135 367 175 428; x_wconf 76' lang='lat'>14</span> <span class='ocrx_word' id='word_1_2' title='bbox 372 377 375 385; x_wconf 82' lang='grc'><em>’</em></span> <span class='ocrx_word' id='word_1_3' title='bbox 433 457 435 462; x_wconf 23' lang='grc' dir='ltr'>Ι</span> <span class='ocrx_word' id='word_1_4' title='bbox 585 364 683 429; x_wconf 81' lang='lat' dir='ltr'>Festa</span> <span class='ocrx_word' id='word_1_5' title='bbox 702 364 885 429; x_wconf 80' lang='lat' dir='ltr'>Jonncrii.</span> 
     </span>
    </p>
   </div>
   <div class='ocr_carea' id='block_1_2' title="bbox 132 530 1334 2465">
    <p class='ocr_par' dir='ltr' id='par_1_2' title="bbox 132 530 1334 2465">
     <span class='ocr_line' id='line_1_2' title="bbox 201 530 1330 608; baseline 0 -19"><span class='ocrx_word' id='word_1_6' title='bbox 201 533 230 591; x_wconf 79' lang='grc'>1.</span> <span class='ocrx_word' id='word_1_7' title='bbox 254 531 358 588; x_wconf 79' lang='lat' dir='ltr'>Gratia</span> <span class='ocrx_word' id='word_1_8' title='bbox 372 530 476 588; x_wconf 85' lang='lat' dir='ltr'>Dicin</span> <span class='ocrx_word' id='word_1_9' title='bbox 490 551 537 588; x_wconf 94' lang='lat' dir='ltr'>me</span> <span class='ocrx_word' id='word_1_10' title='bbox 550 550 643 589; x_wconf 89' lang='lat' dir='ltr'>vacua</span> <span class='ocrx_word' id='word_1_11' title='bbox 656 551 716 589; x_wconf 90' lang='lat' dir='ltr'>non</span> <span class='ocrx_word' id='word_1_12' title='bbox 730 531 789 588; x_wconf 89' lang='lat' dir='ltr'>fuit</span> <span class='ocrx_word' id='word_1_13' title='bbox 803 553 810 589; x_wconf 91' lang='lat'>:</span> <span class='ocrx_word' id='word_1_14' title='bbox 832 531 882 588; x_wconf 89' lang='lat' dir='ltr'>sed</span> <span class='ocrx_word' id='word_1_15' title='bbox 903 531 1000 606; x_wconf 85' lang='lat' dir='ltr'>gratia</span> <span class='ocrx_word' id='word_1_16' title='bbox 1021 533 1086 607; x_wconf 91' lang='lat' dir='ltr'>ejus</span> <span class='ocrx_word' id='word_1_17' title='bbox 1107 551 1222 608; x_wconf 83' lang='lat' dir='ltr'><strong>semper</strong></span> <span class='ocrx_word' id='word_1_18' title='bbox 1239 533 1271 589; x_wconf 90' lang='lat' dir='ltr'>in</span> <span class='ocrx_word' id='word_1_19' title='bbox 1284 552 1330 589; x_wconf 90' lang='lat' dir='ltr'>me</span> 
     </span>
     <span class='ocr_line' id='line_1_3' title="bbox 134 620 242 670; baseline -0.009 0"><span class='ocrx_word' id='word_1_20' title='bbox 134 620 242 670; x_wconf 89' lang='lat' dir='ltr'>manet.</span> 
     </span>
     <span class='ocr_line' id='line_1_4' title="bbox 174 691 1330 770; baseline 0 -20"><span class='ocrx_word' id='word_1_21' title='bbox 174 693 322 768; x_wconf 83' lang='lat' dir='ltr'>Alleluya.</span> <span class='ocrx_word' id='word_1_22' title='bbox 372 691 401 750; x_wconf 81' lang='lat' dir='ltr'>V.</span> <span class='ocrx_word' id='word_1_23' title='bbox 426 691 553 768; x_wconf 85' lang='lat' dir='ltr'>Magnus</span> <span class='ocrx_word' id='word_1_24' title='bbox 581 693 692 750; x_wconf 90' lang='lat' dir='ltr'>Paulus</span> <span class='ocrx_word' id='word_1_25' title='bbox 713 713 765 750; x_wconf 90' lang='lat' dir='ltr'>vas</span> <span class='ocrx_word' id='word_1_26' title='bbox 785 693 936 750; x_wconf 75' lang='lat' dir='ltr'>electionis</span> <span class='ocrx_word' id='word_1_27' title='bbox 950 715 956 750; x_wconf 95' lang='lat'>:</span> <span class='ocrx_word' id='word_1_28' title='bbox 981 713 1050 752; x_wconf 90' lang='lat' dir='ltr'>vere</span> <span class='ocrx_word' id='word_1_29' title='bbox 1071 693 1160 770; x_wconf 79' lang='lat' dir='ltr'>digne</span> <span class='ocrx_word' id='word_1_30' title='bbox 1180 701 1226 751; x_wconf 90' lang='lat' dir='ltr'>est</span> <span class='ocrx_word' id='word_1_31' title='bbox 1246 694 1330 769; x_wconf 88' lang='lat' dir='ltr'>glori-</span> 
     </span>
     <span class='ocr_line' id='line_1_5' title="bbox 134 775 273 834; baseline -0.029 0"><span class='ocrx_word' id='word_1_32' title='bbox 134 775 273 834; x_wconf 89' lang='lat' dir='ltr'>ficandns.</span> 
     </span>
     <span class='ocr_line' id='line_1_6' title="bbox 193 855 378 929; baseline -0.022 -15"><span class='ocrx_word' id='word_1_33' title='bbox 193 855 378 929; x_wconf 50' lang='lat' dir='ltr'>Sequentia*</span> 
     </span>
     <span class='ocr_line' id='line_1_7' title="bbox 133 935 1297 1011; baseline -0.001 -17"><span class='ocrx_word' id='word_1_34' title='bbox 133 937 222 995; x_wconf 76' lang='lat' dir='ltr'>Dixit</span> <span class='ocrx_word' id='word_1_35' title='bbox 236 937 392 1006; x_wconf 79' lang='lat' dir='ltr'>Dominus,</span> <span class='ocrx_word' id='word_1_36' title='bbox 408 935 457 991; x_wconf 85' lang='lat' dir='ltr'>Ex</span> <span class='ocrx_word' id='word_1_37' title='bbox 472 935 569 991; x_wconf 85' lang='lat' dir='ltr'>Basan</span> <span class='ocrx_word' id='word_1_38' title='bbox 583 941 761 1005; x_wconf 75' lang='lat' dir='ltr'><strong>convertam,</strong></span> <span class='ocrx_word' id='word_1_39' title='bbox 777 942 946 993; x_wconf 80' lang='lat' dir='ltr'>convertam</span> <span class='ocrx_word' id='word_1_40' title='bbox 961 937 993 993; x_wconf 92' lang='lat' dir='ltr'>in</span> <span class='ocrx_word' id='word_1_41' title='bbox 1006 936 1187 1011; x_wconf 86' lang='lat' dir='ltr'>profundum</span> <span class='ocrx_word' id='word_1_42' title='bbox 1201 936 1297 994; x_wconf 90' lang='lat' dir='ltr'>maris.</span> 
     </span>
     <span class='ocr_line' id='line_1_8' title="bbox 135 1016 1087 1087; baseline -0.001 -12"><span class='ocrx_word' id='word_1_43' title='bbox 135 1018 220 1087; x_wconf 80' lang='lat' dir='ltr'>Quod</span> <span class='ocrx_word' id='word_1_44' title='bbox 235 1018 314 1074; x_wconf 81' lang='lat' dir='ltr'><strong>dixit</strong></span> <span class='ocrx_word' id='word_1_45' title='bbox 328 1016 459 1072; x_wconf 80' lang='lat' dir='ltr'>etfacit:</span> <span class='ocrx_word' id='word_1_46' title='bbox 482 1016 605 1072; x_wconf 89' lang='lat' dir='ltr'>Saulum</span> <span class='ocrx_word' id='word_1_47' title='bbox 619 1022 649 1073; x_wconf 89' lang='lat' dir='ltr'>et</span> <span class='ocrx_word' id='word_1_48' title='bbox 662 1017 779 1087; x_wconf 87' lang='lat' dir='ltr'>stravit,</span> <span class='ocrx_word' id='word_1_49' title='bbox 794 1016 921 1073; x_wconf 86' lang='lat' dir='ltr'>Paulum</span> <span class='ocrx_word' id='word_1_50' title='bbox 936 1025 966 1074; x_wconf 92' lang='lat' dir='ltr'>et</span> <span class='ocrx_word' id='word_1_51' title='bbox 980 1018 1087 1074; x_wconf 90' lang='lat' dir='ltr'>statuit</span> 
     </span>
     <span class='ocr_line' id='line_1_9' title="bbox 133 1097 1005 1173; baseline 0 -17"><span class='ocrx_word' id='word_1_52' title='bbox 133 1100 268 1156; x_wconf 86' lang='lat' dir='ltr'>Verbum</span> <span class='ocrx_word' id='word_1_53' title='bbox 282 1118 368 1155; x_wconf 87' lang='lat' dir='ltr'>suum</span> <span class='ocrx_word' id='word_1_54' title='bbox 382 1097 583 1166; x_wconf 88' lang='lat' dir='ltr'>Incarnatum,</span> <span class='ocrx_word' id='word_1_55' title='bbox 598 1117 650 1173; x_wconf 90' lang='lat' dir='ltr'>per</span> <span class='ocrx_word' id='word_1_56' title='bbox 663 1098 741 1172; x_wconf 91' lang='lat' dir='ltr'>quod</span> <span class='ocrx_word' id='word_1_57' title='bbox 755 1097 826 1154; x_wconf 85' lang='lat' dir='ltr'>fecit</span> <span class='ocrx_word' id='word_1_58' title='bbox 839 1103 869 1154; x_wconf 91' lang='lat' dir='ltr'>et</span> <span class='ocrx_word' id='word_1_59' title='bbox 883 1097 1005 1156; x_wconf 86' lang='lat' dir='ltr'>saecula:</span> 
     </span>
     <span class='ocr_line' id='line_1_10' title="bbox 134 1177 1203 1254; baseline 0 -19"><span class='ocrx_word' id='word_1_60' title='bbox 134 1180 219 1249; x_wconf 81' lang='lat' dir='ltr'>Quod</span> <span class='ocrx_word' id='word_1_61' title='bbox 233 1180 305 1236; x_wconf 91' lang='lat' dir='ltr'>dum</span> <span class='ocrx_word' id='word_1_62' title='bbox 319 1179 483 1253; x_wconf 82' lang='lat' dir='ltr'>impugnat,</span> <span class='ocrx_word' id='word_1_63' title='bbox 498 1178 613 1234; x_wconf 88' lang='lat' dir='ltr'>audivit</span> <span class='ocrx_word' id='word_1_64' title='bbox 627 1177 741 1249; x_wconf 84' lang='lat' dir='ltr'>Saulus,</span> <span class='ocrx_word' id='word_1_65' title='bbox 759 1177 846 1235; x_wconf 80' lang='lat' dir='ltr'>Saule</span> <span class='ocrx_word' id='word_1_66' title='bbox 860 1179 933 1254; x_wconf 91' lang='lat' dir='ltr'>quid</span> <span class='ocrx_word' id='word_1_67' title='bbox 946 1198 992 1235; x_wconf 93' lang='lat' dir='ltr'>me</span> <span class='ocrx_word' id='word_1_68' title='bbox 1007 1178 1203 1254; x_wconf 86' lang='lat' dir='ltr'>persequerisl</span> 
     </span>
     <span class='ocr_line' id='line_1_11' title="bbox 133 1259 1038 1337; baseline -0.001 -20"><span class='ocrx_word' id='word_1_69' title='bbox 133 1259 197 1337; x_wconf 85' lang='lat' dir='ltr'>Ego</span> <span class='ocrx_word' id='word_1_70' title='bbox 211 1280 276 1317; x_wconf 93' lang='lat' dir='ltr'>sum</span> <span class='ocrx_word' id='word_1_71' title='bbox 289 1260 311 1317; x_wconf 84' lang='lat' dir='ltr'>J</span> <span class='ocrx_word' id='word_1_72' title='bbox 313 1278 379 1316; x_wconf 85' lang='lat' dir='ltr'>esus</span> <span class='ocrx_word' id='word_1_73' title='bbox 391 1279 399 1329; x_wconf 79' lang='lat'>3</span> <span class='ocrx_word' id='word_1_74' title='bbox 420 1259 527 1314; x_wconf 93' lang='lat' dir='ltr'>durum</span> <span class='ocrx_word' id='word_1_75' title='bbox 542 1259 665 1330; x_wconf 89' lang='lat' dir='ltr'>esttibi,</span> <span class='ocrx_word' id='word_1_76' title='bbox 681 1265 717 1315; x_wconf 91' lang='lat' dir='ltr'>ut</span> <span class='ocrx_word' id='word_1_77' title='bbox 732 1259 896 1316; x_wconf 73' lang='lat' dir='ltr'>recalcitres</span> <span class='ocrx_word' id='word_1_78' title='bbox 910 1260 1038 1317; x_wconf 82' lang='lat' dir='ltr'>stimulo</span> 
     </span>
     <span class='ocr_line' id='line_1_12' title="bbox 132 1340 1204 1416; baseline -0.001 -18"><span class='ocrx_word' id='word_1_79' title='bbox 132 1341 164 1398; x_wconf 90' lang='lat' dir='ltr'>A</span> <span class='ocrx_word' id='word_1_80' title='bbox 177 1342 260 1411; x_wconf 91' lang='lat' dir='ltr'>facie,</span> <span class='ocrx_word' id='word_1_81' title='bbox 276 1341 408 1410; x_wconf 87' lang='lat' dir='ltr'>Domini,</span> <span class='ocrx_word' id='word_1_82' title='bbox 424 1344 505 1395; x_wconf 93' lang='lat' dir='ltr'>mota</span> <span class='ocrx_word' id='word_1_83' title='bbox 519 1345 564 1395; x_wconf 91' lang='lat' dir='ltr'>est</span> <span class='ocrx_word' id='word_1_84' title='bbox 577 1345 664 1409; x_wconf 90' lang='lat' dir='ltr'>terra,</span> <span class='ocrx_word' id='word_1_85' title='bbox 680 1340 925 1415; x_wconf 75' lang='lat' dir='ltr'>contremuitque,</span> <span class='ocrx_word' id='word_1_86' title='bbox 940 1360 1068 1416; x_wconf 84' lang='lat' dir='ltr'>moxque</span> <span class='ocrx_word' id='word_1_87' title='bbox 1082 1340 1204 1416; x_wconf 89' lang='lat' dir='ltr'>quievit.</span> 
     </span>
     <span class='ocr_line' id='line_1_13' title="bbox 133 1420 1288 1497; baseline -0.001 -18"><span class='ocrx_word' id='word_1_88' title='bbox 133 1424 216 1480; x_wconf 91' lang='lat' dir='ltr'>Dum</span> <span class='ocrx_word' id='word_1_89' title='bbox 230 1421 348 1497; x_wconf 85' lang='lat' dir='ltr'>cognito</span> <span class='ocrx_word' id='word_1_90' title='bbox 364 1420 487 1477; x_wconf 90' lang='lat' dir='ltr'>credidit</span> <span class='ocrx_word' id='word_1_91' title='bbox 502 1420 631 1476; x_wconf 89' lang='lat' dir='ltr'>Domino</span> <span class='ocrx_word' id='word_1_92' title='bbox 646 1420 764 1491; x_wconf 89' lang='lat' dir='ltr'>Paulus,</span> <span class='ocrx_word' id='word_1_93' title='bbox 781 1421 916 1496; x_wconf 86' lang='lat' dir='ltr'>persequi</span> <span class='ocrx_word' id='word_1_94' title='bbox 930 1428 1023 1478; x_wconf 88' lang='lat' dir='ltr'>cessat</span> <span class='ocrx_word' id='word_1_95' title='bbox 1041 1421 1288 1478; x_wconf 85' lang='lat' dir='ltr'>Conchristianos.</span> 
     </span>
     <span class='ocr_line' id='line_1_14' title="bbox 133 1501 1170 1577; baseline -0.001 -16"><span class='ocrx_word' id='word_1_96' title='bbox 133 1504 209 1561; x_wconf 84' lang='lat' dir='ltr'>Haec</span> <span class='ocrx_word' id='word_1_97' title='bbox 223 1503 325 1577; x_wconf 83' lang='lat' dir='ltr'>lingua</span> <span class='ocrx_word' id='word_1_98' title='bbox 338 1507 459 1557; x_wconf 89' lang='lat' dir='ltr'>tuorum</span> <span class='ocrx_word' id='word_1_99' title='bbox 474 1507 518 1557; x_wconf 88' lang='lat' dir='ltr'>est</span> <span class='ocrx_word' id='word_1_100' title='bbox 532 1520 646 1571; x_wconf 90' lang='lat' dir='ltr'>canum,</span> <span class='ocrx_word' id='word_1_101' title='bbox 663 1521 701 1557; x_wconf 90' lang='lat' dir='ltr'>ex</span> <span class='ocrx_word' id='word_1_102' title='bbox 714 1501 842 1558; x_wconf 88' lang='lat' dir='ltr'>inimicis</span> <span class='ocrx_word' id='word_1_103' title='bbox 855 1502 971 1559; x_wconf 90' lang='lat' dir='ltr'>rediens</span> <span class='ocrx_word' id='word_1_104' title='bbox 984 1502 1021 1558; x_wconf 90' lang='lat' dir='ltr'>ad</span> <span class='ocrx_word' id='word_1_105' title='bbox 1034 1508 1065 1559; x_wconf 90' lang='grc'>11</span> <span class='ocrx_word' id='word_1_106' title='bbox 1079 1501 1170 1561; x_wconf 85' lang='lat' dir='ltr'>Dens.</span> 
     </span>
     <span class='ocr_line' id='line_1_15' title="bbox 133 1581 1161 1658; baseline -0.003 -17"><span class='ocrx_word' id='word_1_107' title='bbox 133 1585 210 1642; x_wconf 89' lang='lat' dir='ltr'>Cum</span> <span class='ocrx_word' id='word_1_108' title='bbox 223 1583 334 1639; x_wconf 91' lang='lat' dir='ltr'>Paulus</span> <span class='ocrx_word' id='word_1_109' title='bbox 348 1583 381 1637; x_wconf 91' lang='lat' dir='ltr'>in</span> <span class='ocrx_word' id='word_1_110' title='bbox 395 1602 444 1639; x_wconf 94' lang='lat' dir='ltr'>ore</span> <span class='ocrx_word' id='word_1_111' title='bbox 459 1581 591 1637; x_wconf 89' lang='lat' dir='ltr'>omnium</span> <span class='ocrx_word' id='word_1_112' title='bbox 604 1588 783 1638; x_wconf 83' lang='lat' dir='ltr'>secretorum</span> <span class='ocrx_word' id='word_1_113' title='bbox 793 1583 862 1657; x_wconf 88' lang='lat' dir='ltr'>jura</span> <span class='ocrx_word' id='word_1_114' title='bbox 876 1583 928 1638; x_wconf 88' lang='lat' dir='ltr'>dat</span> <span class='ocrx_word' id='word_1_115' title='bbox 941 1589 1161 1658; x_wconf 85' lang='lat' dir='ltr'>praeceptorum,</span> 
     </span>
     <span class='ocr_line' id='line_1_16' title="bbox 133 1662 1101 1738; baseline 0 -17"><span class='ocrx_word' id='word_1_116' title='bbox 133 1664 250 1721; x_wconf 90' lang='lat' dir='ltr'>Docens</span> <span class='ocrx_word' id='word_1_117' title='bbox 264 1663 439 1720; x_wconf 89' lang='lat' dir='ltr'>crucifixum</span> <span class='ocrx_word' id='word_1_118' title='bbox 453 1682 514 1718; x_wconf 89' lang='lat' dir='ltr'>non</span> <span class='ocrx_word' id='word_1_119' title='bbox 528 1681 589 1719; x_wconf 92' lang='lat' dir='ltr'>esse</span> <span class='ocrx_word' id='word_1_120' title='bbox 603 1662 695 1718; x_wconf 90' lang='lat' dir='ltr'>alium</span> <span class='ocrx_word' id='word_1_121' title='bbox 709 1669 816 1738; x_wconf 88' lang='lat' dir='ltr'>praeter</span> <span class='ocrx_word' id='word_1_122' title='bbox 830 1663 982 1720; x_wconf 78' lang='lat' dir='ltr'>Christum</span> <span class='ocrx_word' id='word_1_123' title='bbox 997 1664 1101 1721; x_wconf 86' lang='lat' dir='ltr'>Deum.</span> 
     </span>
     <span class='ocr_line' id='line_1_17' title="bbox 134 1743 1133 1819; baseline -0.002 -17"><span class='ocrx_word' id='word_1_124' title='bbox 134 1746 211 1803; x_wconf 90' lang='lat' dir='ltr'>Cum</span> <span class='ocrx_word' id='word_1_125' title='bbox 226 1745 316 1802; x_wconf 90' lang='lat' dir='ltr'>Patre</span> <span class='ocrx_word' id='word_1_126' title='bbox 330 1743 382 1819; x_wconf 92' lang='lat' dir='ltr'>qni</span> <span class='ocrx_word' id='word_1_127' title='bbox 395 1749 499 1819; x_wconf 87' lang='lat' dir='ltr'>regnat</span> <span class='ocrx_word' id='word_1_128' title='bbox 513 1749 543 1799; x_wconf 91' lang='lat' dir='ltr'>et</span> <span class='ocrx_word' id='word_1_129' title='bbox 558 1743 665 1799; x_wconf 85' lang='lat' dir='ltr'>Sancto</span> <span class='ocrx_word' id='word_1_130' title='bbox 680 1743 802 1819; x_wconf 76' lang='lat' dir='ltr'>Spiritu,</span> <span class='ocrx_word' id='word_1_131' title='bbox 818 1745 902 1819; x_wconf 88' lang='lat' dir='ltr'>cujus</span> <span class='ocrx_word' id='word_1_132' title='bbox 915 1744 999 1800; x_wconf 89' lang='lat' dir='ltr'>testis</span> <span class='ocrx_word' id='word_1_133' title='bbox 1013 1743 1133 1815; x_wconf 86' lang='lat' dir='ltr'>Paulus,</span> 
     </span>
     <span class='ocr_line' id='line_1_18' title="bbox 134 1824 1333 1902; baseline -0.002 -19"><span class='ocrx_word' id='word_1_134' title='bbox 134 1826 194 1883; x_wconf 92' lang='lat' dir='ltr'>Hic</span> <span class='ocrx_word' id='word_1_135' title='bbox 208 1827 311 1901; x_wconf 89' lang='lat' dir='ltr'>lingna</span> <span class='ocrx_word' id='word_1_136' title='bbox 324 1824 507 1881; x_wconf 88' lang='lat' dir='ltr'>sacerdotum</span> <span class='ocrx_word' id='word_1_137' title='bbox 521 1843 602 1880; x_wconf 89' lang='lat' dir='ltr'>morc</span> <span class='ocrx_word' id='word_1_138' title='bbox 616 1824 695 1880; x_wconf 84' lang='lat' dir='ltr'>canis</span> <span class='ocrx_word' id='word_1_139' title='bbox 716 1824 787 1881; x_wconf 91' lang='lat' dir='ltr'>dum</span> <span class='ocrx_word' id='word_1_140' title='bbox 807 1824 950 1900; x_wconf 87' lang='lat' dir='ltr'>perlinxit</span> <span class='ocrx_word' id='word_1_141' title='bbox 970 1825 1042 1900; x_wconf 86' lang='lat' dir='ltr'>legis</span> <span class='ocrx_word' id='word_1_142' title='bbox 1056 1832 1086 1882; x_wconf 90' lang='lat' dir='ltr'>et</span> <span class='ocrx_word' id='word_1_143' title='bbox 1101 1825 1247 1902; x_wconf 87' lang='lat' dir='ltr'>evangelii</span> <span class='ocrx_word' id='word_1_144' title='bbox 1259 1824 1333 1881; x_wconf 89' lang='lat' dir='ltr'>duos</span> 
     </span>
     <span class='ocr_line' id='line_1_19' title="bbox 254 1905 649 1974; baseline -0.008 -11"><span class='ocrx_word' id='word_1_145' title='bbox 254 1906 378 1963; x_wconf 86' lang='lat' dir='ltr'>molares</span> <span class='ocrx_word' id='word_1_146' title='bbox 391 1906 423 1963; x_wconf 91' lang='grc'>111</span> <span class='ocrx_word' id='word_1_147' title='bbox 438 1905 485 1961; x_wconf 89' lang='lat' dir='ltr'>his</span> <span class='ocrx_word' id='word_1_148' title='bbox 499 1905 649 1974; x_wconf 89' lang='lat' dir='ltr'>contritos,</span> 
     </span>
     <span class='ocr_line' id='line_1_20' title="bbox 134 1985 1334 2062; baseline -0.003 -17"><span class='ocrx_word' id='word_1_149' title='bbox 134 1988 265 2046; x_wconf 85' lang='lat' dir='ltr'>Corrosit</span> <span class='ocrx_word' id='word_1_150' title='bbox 273 1988 425 2043; x_wconf 89' lang='lat' dir='ltr'>universas</span> <span class='ocrx_word' id='word_1_151' title='bbox 433 1986 542 2062; x_wconf 89' lang='lat' dir='ltr'>species</span> <span class='ocrx_word' id='word_1_152' title='bbox 550 1986 770 2057; x_wconf 84' lang='lat' dir='ltr'>medicinarum,</span> <span class='ocrx_word' id='word_1_153' title='bbox 783 1985 890 2062; x_wconf 89' lang='lat' dir='ltr'>quibus</span> <span class='ocrx_word' id='word_1_154' title='bbox 900 1991 1042 2042; x_wconf 89' lang='lat' dir='ltr'>curantur</span> <span class='ocrx_word' id='word_1_155' title='bbox 1050 1986 1150 2058; x_wconf 89' lang='lat' dir='ltr'>sancii,</span> <span class='ocrx_word' id='word_1_156' title='bbox 1160 1987 1334 2044; x_wconf 89' lang='lat' dir='ltr'>reficiuntur</span> 
     </span>
     <span class='ocr_line' id='line_1_21' title="bbox 254 2067 431 2126; baseline -0.006 -1"><span class='ocrx_word' id='word_1_157' title='bbox 254 2067 431 2126; x_wconf 87' lang='lat' dir='ltr'>enutriendi.</span> 
     </span>
     <span class='ocr_line' id='line_1_22' title="bbox 133 2146 1327 2222; baseline -0.003 -16"><span class='ocrx_word' id='word_1_158' title='bbox 133 2150 220 2219; x_wconf 78' lang='lat' dir='ltr'>Quod</span> <span class='ocrx_word' id='word_1_159' title='bbox 234 2150 355 2206; x_wconf 87' lang='lat' dir='ltr'>docente</span> <span class='ocrx_word' id='word_1_160' title='bbox 370 2148 468 2204; x_wconf 90' lang='lat' dir='ltr'>Deum</span> <span class='ocrx_word' id='word_1_161' title='bbox 482 2167 563 2204; x_wconf 89' lang='lat' dir='ltr'>mare</span> <span class='ocrx_word' id='word_1_162' title='bbox 571 2147 648 2203; x_wconf 89' lang='lat' dir='ltr'>vidit</span> <span class='ocrx_word' id='word_1_163' title='bbox 657 2153 687 2203; x_wconf 91' lang='lat' dir='ltr'>et</span> <span class='ocrx_word' id='word_1_164' title='bbox 696 2147 780 2222; x_wconf 84' lang='lat' dir='ltr'>fugit,</span> <span class='ocrx_word' id='word_1_165' title='bbox 791 2146 813 2203; x_wconf 83' lang='lat' dir='ltr'><strong>J</strong></span> <span class='ocrx_word' id='word_1_166' title='bbox 815 2147 933 2204; x_wconf 89' lang='lat' dir='ltr'>ordanis</span> <span class='ocrx_word' id='word_1_167' title='bbox 941 2167 1098 2205; x_wconf 87' lang='lat' dir='ltr'>conversus</span> <span class='ocrx_word' id='word_1_168' title='bbox 1107 2154 1151 2205; x_wconf 89' lang='lat' dir='ltr'>est</span> <span class='ocrx_word' id='word_1_169' title='bbox 1160 2154 1327 2205; x_wconf 84' lang='lat' dir='ltr'>retrorsum.</span> 
     </span>
     <span class='ocr_line' id='line_1_23' title="bbox 133 2228 1329 2305; baseline -0.002 -19"><span class='ocrx_word' id='word_1_170' title='bbox 133 2230 210 2299; x_wconf 79' lang='lat' dir='ltr'>Quia</span> <span class='ocrx_word' id='word_1_171' title='bbox 223 2231 312 2286; x_wconf 84' lang='lat' dir='ltr'>turba</span> <span class='ocrx_word' id='word_1_172' title='bbox 325 2229 459 2303; x_wconf 83' lang='lat' dir='ltr'>gentium</span> <span class='ocrx_word' id='word_1_173' title='bbox 473 2228 615 2284; x_wconf 90' lang='lat' dir='ltr'>vitiorum</span> <span class='ocrx_word' id='word_1_174' title='bbox 626 2228 740 2284; x_wconf 87' lang='lat' dir='ltr'>rediens</span> <span class='ocrx_word' id='word_1_175' title='bbox 750 2228 785 2284; x_wconf 88' lang='lat' dir='ltr'>de</span> <span class='ocrx_word' id='word_1_176' title='bbox 795 2228 948 2302; x_wconf 83' lang='lat' dir='ltr'>profundo,</span> <span class='ocrx_word' id='word_1_177' title='bbox 961 2229 1008 2305; x_wconf 84' lang='lat' dir='ltr'>og</span> <span class='ocrx_word' id='word_1_178' title='bbox 1018 2249 1085 2304; x_wconf 86' lang='lat' dir='ltr'>rege</span> <span class='ocrx_word' id='word_1_179' title='bbox 1095 2230 1194 2286; x_wconf 90' lang='lat' dir='ltr'>Basan</span> <span class='ocrx_word' id='word_1_180' title='bbox 1203 2228 1329 2298; x_wconf 84' lang='lat' dir='ltr'>confuso,</span> 
     </span>
     <span class='ocr_line' id='line_1_24' title="bbox 133 2308 1330 2386; baseline -0.003 -18"><span class='ocrx_word' id='word_1_181' title='bbox 133 2311 173 2368; x_wconf 82' lang='lat' dir='ltr'>Te</span> <span class='ocrx_word' id='word_1_182' title='bbox 195 2310 290 2366; x_wconf 90' lang='lat' dir='ltr'>solum</span> <span class='ocrx_word' id='word_1_183' title='bbox 312 2309 415 2365; x_wconf 88' lang='lat' dir='ltr'>adorat</span> <span class='ocrx_word' id='word_1_184' title='bbox 438 2308 556 2365; x_wconf 79' lang='lat' dir='ltr'>Christe</span> <span class='ocrx_word' id='word_1_185' title='bbox 578 2314 739 2364; x_wconf 89' lang='lat' dir='ltr'>creatorem</span> <span class='ocrx_word' id='word_1_186' title='bbox 762 2328 849 2384; x_wconf 92' lang='lat' dir='ltr'>quem</span> <span class='ocrx_word' id='word_1_187' title='bbox 863 2315 893 2366; x_wconf 90' lang='lat' dir='ltr'>et</span> <span class='ocrx_word' id='word_1_188' title='bbox 912 2310 1059 2386; x_wconf 81' lang='lat' dir='ltr'>cognoscit</span> <span class='ocrx_word' id='word_1_189' title='bbox 1072 2311 1105 2365; x_wconf 92' lang='lat' dir='ltr'>in</span> <span class='ocrx_word' id='word_1_190' title='bbox 1119 2330 1206 2368; x_wconf 88' lang='lat' dir='ltr'>carne</span> <span class='ocrx_word' id='word_1_191' title='bbox 1219 2309 1330 2366; x_wconf 89' lang='lat' dir='ltr'>venisse</span> 
     </span>
     <span class='ocr_line' id='line_1_25' title="bbox 254 2390 476 2465; baseline -0.009 -19"><span class='ocrx_word' id='word_1_192' title='bbox 254 2390 476 2465; x_wconf 87' lang='lat' dir='ltr'>redemptorem.</span> 
     </span>
    </p>
   </div>
   <div class='ocr_carea' id='block_1_3' title="bbox 202 2487 1330 4421">
    <p class='ocr_par' dir='ltr' id='par_1_3' title="bbox 202 2487 627 2560">
     <span class='ocr_line' id='line_1_26' title="bbox 202 2487 627 2560; baseline -0.005 -15"><span class='ocrx_word' id='word_1_193' title='bbox 202 2488 248 2545; x_wconf 69' lang='lat' dir='ltr'>Vel</span> <span class='ocrx_word' id='word_1_194' title='bbox 261 2489 379 2545; x_wconf 77' lang='lat' dir='ltr'>&lt;linatur</span> <span class='ocrx_word' id='word_1_195' title='bbox 392 2488 450 2544; x_wconf 80' lang='lat' dir='ltr'>icto</span> <span class='ocrx_word' id='word_1_196' title='bbox 464 2487 627 2560; x_wconf 79' lang='lat' dir='ltr'>Sequentia.</span> 
     </span>
    </p>

    <p class='ocr_par' dir='ltr' id='par_1_4' title="bbox 294 2567 1013 2641">
     <span class='ocr_line' id='line_1_27' title="bbox 294 2567 1013 2641; baseline 0.001 -16"><span class='ocrx_word' id='word_1_197' title='bbox 294 2568 396 2625; x_wconf 81' lang='lat' dir='ltr'>Sancti</span> <span class='ocrx_word' id='word_1_198' title='bbox 410 2567 497 2624; x_wconf 92' lang='lat' dir='ltr'>Pauli</span> <span class='ocrx_word' id='word_1_199' title='bbox 511 2567 662 2624; x_wconf 83' lang='lat' dir='ltr'>conversio</span> <span class='ocrx_word' id='word_1_200' title='bbox 677 2567 781 2624; x_wconf 90' lang='lat' dir='ltr'>devote</span> <span class='ocrx_word' id='word_1_201' title='bbox 795 2575 839 2624; x_wconf 92' lang='lat' dir='ltr'>est</span> <span class='ocrx_word' id='word_1_202' title='bbox 853 2569 1013 2641; x_wconf 88' lang='lat' dir='ltr'>recolenda,</span> 
     </span>
    </p>

    <p class='ocr_par' dir='ltr' id='par_1_5' title="bbox 295 2649 889 2723">
     <span class='ocr_line' id='line_1_28' title="bbox 295 2649 889 2723; baseline 0.003 -19"><span class='ocrx_word' id='word_1_203' title='bbox 295 2651 391 2718; x_wconf 79' lang='lat' dir='ltr'>Quem</span> <span class='ocrx_word' id='word_1_204' title='bbox 405 2649 551 2705; x_wconf 91' lang='lat' dir='ltr'>Dominus</span> <span class='ocrx_word' id='word_1_205' title='bbox 564 2655 649 2704; x_wconf 84' lang='lat' dir='ltr'>tanta</span> <span class='ocrx_word' id='word_1_206' title='bbox 663 2649 772 2705; x_wconf 88' lang='lat' dir='ltr'>ditavit</span> <span class='ocrx_word' id='word_1_207' title='bbox 785 2649 889 2723; x_wconf 87' lang='lat' dir='ltr'>gratia,</span> 
     </span>
    </p>

    <p class='ocr_par' dir='ltr' id='par_1_6' title="bbox 295 2729 1050 2804">
     <span class='ocr_line' id='line_1_29' title="bbox 295 2729 1050 2804; baseline 0 -16"><span class='ocrx_word' id='word_1_208' title='bbox 295 2731 342 2789; x_wconf 90' lang='lat' dir='ltr'>Ut</span> <span class='ocrx_word' id='word_1_209' title='bbox 356 2730 458 2786; x_wconf 88' lang='lat' dir='ltr'>doctor</span> <span class='ocrx_word' id='word_1_210' title='bbox 470 2729 604 2804; x_wconf 86' lang='lat' dir='ltr'>gentium</span> <span class='ocrx_word' id='word_1_211' title='bbox 618 2731 655 2786; x_wconf 90' lang='lat' dir='ltr'>ab</span> <span class='ocrx_word' id='word_1_212' title='bbox 672 2730 753 2786; x_wconf 89' lang='lat' dir='ltr'>omni</span> <span class='ocrx_word' id='word_1_213' title='bbox 766 2736 887 2786; x_wconf 89' lang='lat' dir='ltr'>vocetur</span> <span class='ocrx_word' id='word_1_214' title='bbox 901 2730 1030 2788; x_wconf 84' lang='lat' dir='ltr'>Ecclesia</span> <span class='ocrx_word' id='word_1_215' title='bbox 1044 2752 1050 2788; x_wconf 93' lang='lat'>:</span> 
     </span>
    </p>

    <p class='ocr_par' dir='ltr' id='par_1_7' title="bbox 294 2811 1019 2887">
     <span class='ocr_line' id='line_1_30' title="bbox 294 2811 1019 2887; baseline 0.001 -19"><span class='ocrx_word' id='word_1_216' title='bbox 294 2814 401 2887; x_wconf 86' lang='lat' dir='ltr'>Agnus</span> <span class='ocrx_word' id='word_1_217' title='bbox 415 2811 451 2867; x_wconf 90' lang='lat' dir='ltr'>de</span> <span class='ocrx_word' id='word_1_218' title='bbox 464 2811 534 2885; x_wconf 92' lang='lat' dir='ltr'>lupo</span> <span class='ocrx_word' id='word_1_219' title='bbox 549 2831 554 2866; x_wconf 97' lang='lat'><strong>:</strong></span> <span class='ocrx_word' id='word_1_220' title='bbox 576 2811 611 2867; x_wconf 89' lang='lat' dir='ltr'>de</span> <span class='ocrx_word' id='word_1_221' title='bbox 625 2819 808 2885; x_wconf 86' lang='lat' dir='ltr'>persecutore</span> <span class='ocrx_word' id='word_1_222' title='bbox 822 2811 1019 2887; x_wconf 83' lang='lat' dir='ltr'>Evangelista.</span> 
     </span>
    </p>

    <p class='ocr_par' dir='ltr' id='par_1_8' title="bbox 295 2891 1330 3029">
     <span class='ocr_line' id='line_1_31' title="bbox 295 2891 1330 2969; baseline 0.001 -21"><span class='ocrx_word' id='word_1_223' title='bbox 295 2891 415 2948; x_wconf 87' lang='lat' dir='ltr'>Mutata</span> <span class='ocrx_word' id='word_1_224' title='bbox 428 2896 498 2947; x_wconf 89' lang='lat' dir='ltr'>sunt</span> <span class='ocrx_word' id='word_1_225' title='bbox 512 2911 608 2967; x_wconf 86' lang='lat' dir='ltr'>opera,</span> <span class='ocrx_word' id='word_1_226' title='bbox 623 2897 757 2947; x_wconf 88' lang='lat' dir='ltr'>mutatur</span> <span class='ocrx_word' id='word_1_227' title='bbox 770 2898 800 2948; x_wconf 89' lang='lat' dir='ltr'>et</span> <span class='ocrx_word' id='word_1_228' title='bbox 814 2912 938 2949; x_wconf 90' lang='lat' dir='ltr'>onoma:</span> <span class='ocrx_word' id='word_1_229' title='bbox 960 2892 1071 2949; x_wconf 90' lang='lat' dir='ltr'>Paulus</span> <span class='ocrx_word' id='word_1_230' title='bbox 1087 2893 1267 2966; x_wconf 86' lang='lat' dir='ltr'>nominatur,</span> <span class='ocrx_word' id='word_1_231' title='bbox 1280 2893 1330 2969; x_wconf 89' lang='lat' dir='ltr'>qni</span> 
     </span>
     <span class='ocr_line' id='line_1_32' title="bbox 417 2971 833 3029; baseline -0.002 0"><span class='ocrx_word' id='word_1_232' title='bbox 417 2971 523 3029; x_wconf 80' lang='lat' dir='ltr'>Saulus</span> <span class='ocrx_word' id='word_1_233' title='bbox 537 2978 606 3028; x_wconf 87' lang='lat' dir='ltr'>ante</span> <span class='ocrx_word' id='word_1_234' title='bbox 621 2972 717 3028; x_wconf 88' lang='lat' dir='ltr'>dictus</span> <span class='ocrx_word' id='word_1_235' title='bbox 730 2972 833 3029; x_wconf 82' lang='lat' dir='ltr'>fuerat.</span> 
     </span>
    </p>

    <p class='ocr_par' dir='ltr' id='par_1_9' title="bbox 295 3052 1330 3210">
     <span class='ocr_line' id='line_1_33' title="bbox 295 3052 1330 3130; baseline 0.002 -20"><span class='ocrx_word' id='word_1_236' title='bbox 295 3053 460 3129; x_wconf 88' lang='lat' dir='ltr'>Instigatns</span> <span class='ocrx_word' id='word_1_237' title='bbox 473 3052 551 3110; x_wconf 87' lang='lat' dir='ltr'>furia</span> <span class='ocrx_word' id='word_1_238' title='bbox 561 3053 658 3110; x_wconf 90' lang='lat' dir='ltr'>dirum</span> <span class='ocrx_word' id='word_1_239' title='bbox 670 3053 752 3109; x_wconf 88' lang='lat' dir='ltr'>virus</span> <span class='ocrx_word' id='word_1_240' title='bbox 765 3054 898 3111; x_wconf 87' lang='lat' dir='ltr'>efflabat:</span> <span class='ocrx_word' id='word_1_241' title='bbox 920 3059 1016 3130; x_wconf 81' lang='lat' dir='ltr'>strage</span> <span class='ocrx_word' id='word_1_242' title='bbox 1027 3054 1186 3112; x_wconf 86' lang='lat' dir='ltr'>saevissima</span> <span class='ocrx_word' id='word_1_243' title='bbox 1199 3054 1330 3112; x_wconf 87' lang='lat' dir='ltr'>membra</span> 
     </span>
     <span class='ocr_line' id='line_1_34' title="bbox 416 3133 843 3210; baseline 0.002 -20"><span class='ocrx_word' id='word_1_244' title='bbox 416 3133 529 3190; x_wconf 80' lang='lat' dir='ltr'>Christi</span> <span class='ocrx_word' id='word_1_245' title='bbox 543 3134 665 3191; x_wconf 83' lang='lat' dir='ltr'>saeviens</span> <span class='ocrx_word' id='word_1_246' title='bbox 679 3135 843 3210; x_wconf 88' lang='lat' dir='ltr'>torquebat.</span> 
     </span>
    </p>

    <p class='ocr_par' dir='ltr' id='par_1_10' title="bbox 296 3215 1044 3291">
     <span class='ocr_line' id='line_1_35' title="bbox 296 3215 1044 3291; baseline 0 -19"><span class='ocrx_word' id='word_1_247' title='bbox 296 3216 365 3272; x_wconf 87' lang='lat' dir='ltr'>Lux</span> <span class='ocrx_word' id='word_1_248' title='bbox 379 3218 505 3271; x_wconf 84' lang='lat' dir='ltr'>aetherea</span> <span class='ocrx_word' id='word_1_249' title='bbox 519 3234 606 3291; x_wconf 93' lang='lat' dir='ltr'>quem</span> <span class='ocrx_word' id='word_1_250' title='bbox 620 3215 846 3290; x_wconf 85' lang='lat' dir='ltr'>circumfulgens</span> <span class='ocrx_word' id='word_1_251' title='bbox 856 3216 922 3272; x_wconf 90' lang='lat' dir='ltr'>visu</span> <span class='ocrx_word' id='word_1_252' title='bbox 935 3215 1044 3291; x_wconf 89' lang='lat' dir='ltr'>privat,</span> 
     </span>
    </p>

    <p class='ocr_par' dir='ltr' id='par_1_11' title="bbox 295 3294 876 3372">
     <span class='ocr_line' id='line_1_36' title="bbox 295 3294 876 3372; baseline 0.005 -21"><span class='ocrx_word' id='word_1_253' title='bbox 295 3294 486 3372; x_wconf 88' lang='lat' dir='ltr'>Spiritualem</span> <span class='ocrx_word' id='word_1_254' title='bbox 501 3296 550 3352; x_wconf 88' lang='lat' dir='ltr'>sed</span> <span class='ocrx_word' id='word_1_255' title='bbox 565 3297 592 3352; x_wconf 92' lang='lat' dir='ltr'>ei</span> <span class='ocrx_word' id='word_1_256' title='bbox 605 3297 750 3353; x_wconf 90' lang='lat' dir='ltr'>intuitum</span> <span class='ocrx_word' id='word_1_257' title='bbox 763 3296 854 3353; x_wconf 86' lang='lat' dir='ltr'>donat</span> <span class='ocrx_word' id='word_1_258' title='bbox 870 3317 876 3354; x_wconf 93' lang='lat'>:</span> 
     </span>
    </p>

    <p class='ocr_par' dir='ltr' id='par_1_12' title="bbox 295 3376 1275 3452">
     <span class='ocr_line' id='line_1_37' title="bbox 295 3376 1275 3452; baseline 0.003 -19"><span class='ocrx_word' id='word_1_259' title='bbox 295 3376 465 3452; x_wconf 88' lang='lat' dir='ltr'>Colaphizat</span> <span class='ocrx_word' id='word_1_260' title='bbox 479 3396 516 3434; x_wconf 90' lang='lat' dir='ltr'>ne</span> <span class='ocrx_word' id='word_1_261' title='bbox 530 3378 680 3452; x_wconf 89' lang='lat' dir='ltr'>superbiat</span> <span class='ocrx_word' id='word_1_262' title='bbox 693 3399 699 3434; x_wconf 91' lang='lat'>:</span> <span class='ocrx_word' id='word_1_263' title='bbox 720 3378 827 3434; x_wconf 84' lang='lat' dir='ltr'>sternit</span> <span class='ocrx_word' id='word_1_264' title='bbox 840 3397 916 3448; x_wconf 87' lang='lat' dir='ltr'>enm,</span> <span class='ocrx_word' id='word_1_265' title='bbox 933 3377 983 3434; x_wconf 88' lang='lat' dir='ltr'>sed</span> <span class='ocrx_word' id='word_1_266' title='bbox 996 3382 1131 3435; x_wconf 90' lang='lat' dir='ltr'>ruentem</span> <span class='ocrx_word' id='word_1_267' title='bbox 1144 3378 1256 3436; x_wconf 88' lang='lat' dir='ltr'>relevat</span> <span class='ocrx_word' id='word_1_268' title='bbox 1269 3399 1275 3436; x_wconf 94' lang='lat'><strong>:</strong></span> 
     </span>
    </p>

    <p class='ocr_par' dir='ltr' id='par_1_13' title="bbox 293 3457 960 3533">
     <span class='ocr_line' id='line_1_38' title="bbox 293 3457 960 3533; baseline 0.001 -18"><span class='ocrx_word' id='word_1_269' title='bbox 293 3458 450 3532; x_wconf 89' lang='lat' dir='ltr'>Dejectum</span> <span class='ocrx_word' id='word_1_270' title='bbox 463 3457 596 3533; x_wconf 88' lang='lat' dir='ltr'>increpat</span> <span class='ocrx_word' id='word_1_271' title='bbox 610 3479 615 3514; x_wconf 95' lang='lat'>:</span> <span class='ocrx_word' id='word_1_272' title='bbox 636 3459 790 3532; x_wconf 90' lang='lat' dir='ltr'>increpans</span> <span class='ocrx_word' id='word_1_273' title='bbox 803 3458 940 3517; x_wconf 88' lang='lat' dir='ltr'>emendat</span> <span class='ocrx_word' id='word_1_274' title='bbox 954 3480 960 3516; x_wconf 93' lang='lat'><strong>:</strong></span> 
     </span>
    </p>

    <p class='ocr_par' dir='ltr' id='par_1_14' title="bbox 294 3538 772 3595">
     <span class='ocr_line' id='line_1_39' title="bbox 294 3538 772 3595; baseline 0 0"><span class='ocrx_word' id='word_1_275' title='bbox 294 3538 379 3595; x_wconf 83' lang='lat' dir='ltr'>Fidei</span> <span class='ocrx_word' id='word_1_276' title='bbox 392 3538 557 3594; x_wconf 87' lang='lat' dir='ltr'>doctrinam</span> <span class='ocrx_word' id='word_1_277' title='bbox 571 3539 772 3595; x_wconf 90' lang='lat' dir='ltr'>commendat:</span> 
     </span>
    </p>

    <p class='ocr_par' dir='ltr' id='par_1_15' title="bbox 294 3618 776 3689">
     <span class='ocr_line' id='line_1_40' title="bbox 294 3618 776 3689; baseline -0.002 -13"><span class='ocrx_word' id='word_1_278' title='bbox 294 3618 485 3676; x_wconf 90' lang='lat' dir='ltr'>Defensorem</span> <span class='ocrx_word' id='word_1_279' title='bbox 500 3619 636 3675; x_wconf 83' lang='lat' dir='ltr'>Ecclesiae</span> <span class='ocrx_word' id='word_1_280' title='bbox 651 3619 776 3689; x_wconf 90' lang='lat' dir='ltr'>ordinat,</span> 
     </span>
    </p>

    <p class='ocr_par' dir='ltr' id='par_1_16' title="bbox 293 3700 837 3776">
     <span class='ocr_line' id='line_1_41' title="bbox 293 3700 837 3776; baseline -0.002 -18"><span class='ocrx_word' id='word_1_281' title='bbox 293 3701 490 3776; x_wconf 79' lang='lat' dir='ltr'>Impugnator</span> <span class='ocrx_word' id='word_1_282' title='bbox 503 3700 555 3775; x_wconf 91' lang='lat' dir='ltr'>qui</span> <span class='ocrx_word' id='word_1_283' title='bbox 568 3700 649 3775; x_wconf 88' lang='lat' dir='ltr'>prins</span> <span class='ocrx_word' id='word_1_284' title='bbox 664 3701 818 3757; x_wconf 82' lang='lat' dir='ltr'>exstiterat</span> <span class='ocrx_word' id='word_1_285' title='bbox 831 3722 837 3757; x_wconf 76' lang='grc' dir='ltr'><strong><em>ε</em></strong></span> 
     </span>
    </p>

    <p class='ocr_par' dir='ltr' id='par_1_17' title="bbox 294 3781 550 3855">
     <span class='ocr_line' id='line_1_42' title="bbox 294 3781 550 3855; baseline -0.012 -16"><span class='ocrx_word' id='word_1_286' title='bbox 294 3782 412 3839; x_wconf 88' lang='lat' dir='ltr'>Secreta</span> <span class='ocrx_word' id='word_1_287' title='bbox 425 3781 550 3855; x_wconf 85' lang='lat' dir='ltr'>mystica</span> 
     </span>
    </p>

    <p class='ocr_par' dir='ltr' id='par_1_18' title="bbox 295 3861 568 3933">
     <span class='ocr_line' id='line_1_43' title="bbox 295 3861 568 3933; baseline -0.007 -14"><span class='ocrx_word' id='word_1_288' title='bbox 295 3861 435 3919; x_wconf 87' lang='lat' dir='ltr'>Credenti</span> <span class='ocrx_word' id='word_1_289' title='bbox 448 3861 568 3933; x_wconf 87' lang='lat' dir='ltr'>revelat,</span> 
     </span>
    </p>

    <p class='ocr_par' dir='ltr' id='par_1_19' title="bbox 294 3941 792 4016">
     <span class='ocr_line' id='line_1_44' title="bbox 294 3941 792 4016; baseline -0.002 -17"><span class='ocrx_word' id='word_1_290' title='bbox 294 3944 367 4013; x_wconf 78' lang='lat' dir='ltr'>Quae</span> <span class='ocrx_word' id='word_1_291' title='bbox 381 3941 495 3999; x_wconf 89' lang='lat' dir='ltr'>homini</span> <span class='ocrx_word' id='word_1_292' title='bbox 507 3941 589 4016; x_wconf 90' lang='lat' dir='ltr'>loqui</span> <span class='ocrx_word' id='word_1_293' title='bbox 603 3961 664 3998; x_wconf 89' lang='lat' dir='ltr'>non</span> <span class='ocrx_word' id='word_1_294' title='bbox 677 3941 792 3999; x_wconf 89' lang='lat' dir='ltr'>licebat.</span> 
     </span>
    </p>

    <p class='ocr_par' dir='ltr' id='par_1_20' title="bbox 293 4023 841 4098">
     <span class='ocr_line' id='line_1_45' title="bbox 293 4023 841 4098; baseline -0.005 -17"><span class='ocrx_word' id='word_1_295' title='bbox 293 4024 382 4081; x_wconf 89' lang='lat' dir='ltr'>Prius</span> <span class='ocrx_word' id='word_1_296' title='bbox 396 4042 543 4098; x_wconf 85' lang='lat' dir='ltr'>synagoga</span> <span class='ocrx_word' id='word_1_297' title='bbox 557 4041 644 4097; x_wconf 93' lang='lat' dir='ltr'>quem</span> <span class='ocrx_word' id='word_1_298' title='bbox 659 4023 841 4095; x_wconf 89' lang='lat' dir='ltr'>educaverat,</span> 
     </span>
    </p>

    <p class='ocr_par' dir='ltr' id='par_1_21' title="bbox 294 4103 890 4162">
     <span class='ocr_line' id='line_1_46' title="bbox 294 4103 890 4162; baseline -0.002 0"><span class='ocrx_word' id='word_1_299' title='bbox 294 4104 499 4162; x_wconf 89' lang='lat' dir='ltr'>Post-modum</span> <span class='ocrx_word' id='word_1_300' title='bbox 512 4104 632 4161; x_wconf 82' lang='lat' dir='ltr'>laetatur</span> <span class='ocrx_word' id='word_1_301' title='bbox 644 4108 740 4160; x_wconf 88' lang='lat' dir='ltr'>mater</span> <span class='ocrx_word' id='word_1_302' title='bbox 753 4103 890 4162; x_wconf 84' lang='lat' dir='ltr'>Ecclesia.</span> 
     </span>
    </p>

    <p class='ocr_par' dir='ltr' id='par_1_22' title="bbox 294 4185 439 4261">
     <span class='ocr_line' id='line_1_47' title="bbox 294 4185 439 4261; baseline -0.021 -18"><span class='ocrx_word' id='word_1_303' title='bbox 294 4185 439 4261; x_wconf 90' lang='lat' dir='ltr'>Mysteria</span> 
     </span>
    </p>

    <p class='ocr_par' dir='ltr' id='par_1_23' title="bbox 294 4267 514 4336">
     <span class='ocr_line' id='line_1_48' title="bbox 294 4267 514 4336; baseline 0 -14"><span class='ocrx_word' id='word_1_304' title='bbox 294 4267 367 4336; x_wconf 78' lang='lat' dir='ltr'>Quae</span> <span class='ocrx_word' id='word_1_305' title='bbox 381 4271 514 4336; x_wconf 88' lang='lat' dir='ltr'>noverat,</span> 
     </span>
    </p>

    <p class='ocr_par' dir='ltr' id='par_1_24' title="bbox 294 4345 814 4421">
     <span class='ocr_line' id='line_1_49' title="bbox 294 4345 814 4421; baseline 0 -17"><span class='ocrx_word' id='word_1_306' title='bbox 294 4346 353 4404; x_wconf 92' lang='lat' dir='ltr'>Per</span> <span class='ocrx_word' id='word_1_307' title='bbox 365 4353 464 4405; x_wconf 88' lang='lat' dir='ltr'>totum</span> <span class='ocrx_word' id='word_1_308' title='bbox 477 4348 540 4404; x_wconf 90' lang='lat' dir='ltr'>iens</span> <span class='ocrx_word' id='word_1_309' title='bbox 555 4347 653 4404; x_wconf 90' lang='lat' dir='ltr'>orbem</span> <span class='ocrx_word' id='word_1_310' title='bbox 667 4345 814 4421; x_wconf 66' lang='lat' dir='ltr'>praedicat.</span> 
     </span>
    </p>
   </div>
   <div class='ocr_carea' id='block_1_4' title="bbox 380 4505 1055 4567">
    <p class='ocr_par' dir='ltr' id='par_1_25' title="bbox 380 4505 1055 4567">
     <span class='ocr_line' id='line_1_50' title="bbox 380 4505 1055 4567; baseline 0 -13"><span class='ocrx_word' id='word_1_311' title='bbox 380 4509 392 4532; x_wconf 79' lang='lat'><strong>¹</strong></span> <span class='ocrx_word' id='word_1_312' title='bbox 408 4508 480 4554; x_wconf 78' lang='lat' dir='ltr'>Mss.</span> <span class='ocrx_word' id='word_1_313' title='bbox 492 4508 514 4554; x_wconf 93' lang='lat' dir='ltr'>D</span> <span class='ocrx_word' id='word_1_314' title='bbox 525 4507 574 4555; x_wconf 88' lang='lat' dir='ltr'>and</span> <span class='ocrx_word' id='word_1_315' title='bbox 584 4507 604 4554; x_wconf 86' lang='lat' dir='ltr'><strong>F</strong></span> <span class='ocrx_word' id='word_1_316' title='bbox 616 4506 674 4553; x_wconf 89' lang='lat' dir='ltr'>omit</span> <span class='ocrx_word' id='word_1_317' title='bbox 684 4506 725 4554; x_wconf 86' lang='lat' dir='ltr'>the</span> <span class='ocrx_word' id='word_1_318' title='bbox 735 4507 789 4554; x_wconf 86' lang='lat' dir='ltr'>first</span> <span class='ocrx_word' id='word_1_319' title='bbox 800 4505 825 4553; x_wconf 82' lang='lat' dir='ltr'>of</span> <span class='ocrx_word' id='word_1_320' title='bbox 834 4507 901 4554; x_wconf 81' lang='lat' dir='ltr'>these</span> <span class='ocrx_word' id='word_1_321' title='bbox 913 4507 1055 4567; x_wconf 81' lang='lat' dir='ltr'>Sequencea</span> 
     </span>
    </p>
   </div>
   <div class='ocr_carea' id='block_1_5' title="bbox 0 0 1478 5002">
    <p class='ocr_par' dir='ltr' id='par_1_26' title="bbox 0 0 1478 5002">
     <span class='ocr_line' id='line_1_51' title="bbox 0 0 1478 5002; baseline 0 0"><span class='ocrx_word' id='word_1_322' title='bbox 0 0 1478 5002; x_wconf 95' lang='lat' dir='ltr'> </span> 
     </span>
    </p>
   </div>
  </div>
 </body>
</html>
