2946 5002
187 339 250 402 330
395 335 517 400 Missol
533 335 641 421 Officcs
656 334 751 420 from
766 334 816 400 tlte
830 335 968 419 Boupor
981 333 1169 419 Pontificol.

245 501 413 561 Samnitum
426 502 453 557 J
450 502 600 560 ohannem.

246 583 310 659 Ego
324 603 389 640 sum
402 584 494 659 panis,
510 592 535 641 et
549 592 639 640 cetera
656 585 710 655 (ut
723 602 822 658 supro,
838 581 894 641 vol.
912 583 942 639 ii.
958 601 984 658 p.
1001 582 1056 639 185
1061 587 1085 656 ).

247 663 438 738 Offlrtorium.
482 664 609 720 Domine
622 664 642 721 J
645 684 704 733 esu,
720 673 745 720 et
758 673 855 721 cetera.

245 745 306 802 Hic
319 743 456 818 offeram
468 744 563 802 bostis
576 765 642 801 cnm
656 745 748 802 calice.

245 825 365 884 Secreta.

244 907 388 964 Animam
400 905 505 962 famuli
518 906 564 962 tui
577 906 617 962 N.
633 911 663 963 et
676 904 789 962 animas
809 905 988 963 famulorum
1008 904 1244 980 famularumque
1257 909 1381 961 tuarum

184 987 222 1043 ab
255 988 392 1044 omnibus
425 986 507 1043 vitiis
541 987 676 1043 humanae
709 985 895 1056 conditionis,
931 1004 1106 1060 quaesumus,
1143 984 1280 1055 Domine,
1318 985 1384 1042 haec

183 1067 317 1125 absolvat
331 1067 450 1140 oblatio,
465 1086 530 1143 quae
543 1068 636 1124 totius
649 1066 753 1123 mundi
766 1066 838 1123 tulit
851 1066 1004 1123 immolata
1017 1072 1178 1142 peccatum.
1219 1065 1285 1123 Per.

245 1147 426 1206 Communia
469 1148 538 1204 Lux
553 1153 670 1219 aeterna,
686 1156 712 1205 et
726 1154 823 1204 cetera.

190 1228 219 1288 V.
246 1229 400 1305 Requiem,
415 1238 441 1286 et
454 1238 552 1286 cetera.

247 1307 425 1366 Communis.

245 1389 304 1447 Pro
328 1409 453 1466 qnorum
474 1390 614 1446 memoria
641 1407 745 1464 corpus
773 1388 883 1445 Christi
907 1388 1043 1459 sumitur,
1066 1388 1143 1445 dona
1167 1389 1217 1459 eis,
1240 1387 1381 1462 Domine,

184 1470 315 1546 requiem
328 1471 554 1547 sempiternam:
577 1478 607 1526 et
620 1469 673 1525 lux
686 1475 828 1545 perpetua
842 1469 937 1526 luceat
947 1470 996 1529 eis.
1032 1469 1091 1526 Pro
1102 1488 1227 1544 quorum
1237 1469 1379 1527 memoria

184 1551 302 1628 sanguis
317 1551 427 1609 Christi
440 1552 576 1619 sumitur,
591 1550 668 1606 dona
681 1551 729 1621 eis,
746 1550 882 1622 Domine,
896 1550 1026 1625 requiem
1041 1550 1257 1626 sempiternam.

127 1668 134 1681 ·
244 1632 484 1689 Poatcommnnc'o.

244 1712 356 1770 Annue
376 1713 470 1785 nobis,
492 1730 667 1788 quaesumus
685 1710 822 1783 Domine,
844 1730 896 1787 per
915 1711 970 1768 hoc
989 1711 1164 1770 sacrificium
1183 1710 1262 1786 quod
1282 1729 1381 1786 sump-

183 1791 283 1864 simus,
304 1799 339 1850 ut
363 1793 461 1851 anima
487 1793 588 1850 famuli
617 1792 663 1848 tui
686 1791 737 1863 N,
760 1798 790 1849 et
814 1791 919 1849 animae
941 1791 1119 1849 famulorum
1142 1791 1380 1869 famularumque

183 1877 303 1930 tuarum
319 1875 527 1945 remissionem,
543 1893 631 1950 quam
645 1878 831 1949 optaverunt,
846 1879 1015 1930 mereantur
1032 1873 1179 1949 percipere
1200 1872 1378 1929 debitorum.

184 1953 250 2012 Per.

534 2110 599 2167 Pno
620 2110 799 2170 Sacranorn
819 2126 856 2166 nr
877 2110 1033 2168 Enseoro.

245 2189 353 2248 Oratio.

243 2271 332 2343 Deus,
355 2271 408 2348 qui
427 2271 506 2328 inter
525 2271 697 2347 apostolicos
720 2272 883 2328 sacerdotes
910 2270 1034 2327 famulos
1058 2276 1125 2327 tuos
1151 2268 1325 2326 sacerdotali
1344 2274 1377 2326 et

183 2351 340 2429 episcopali
353 2352 449 2410 fecisti
463 2352 607 2426 dignitate
624 2352 750 2424 censeri,
771 2357 888 2428 praesta,
903 2370 1079 2427 quaesumus,
1094 2357 1129 2407 ut
1143 2370 1268 2426 quorum
1281 2349 1379 2406 vicem

182 2432 218 2489 ad
233 2432 336 2490 horam
349 2434 490 2509 gerebant
503 2433 535 2489 in
549 2433 644 2505 terris,
659 2452 760 2491 eorum
773 2440 916 2508 perpetuo
930 2431 1076 2489 consortio
1090 2431 1229 2488 laetentur
1242 2431 1273 2488 in
1288 2430 1376 2489 caelis.

183 2513 248 2571 Per.

242 2594 363 2652 Secreto.

242 2674 401 2732 Offerimus
418 2675 484 2749 tibi,
499 2676 635 2747 Domine,
651 2675 830 2733 oblationem
850 2681 958 2731 nostrae
978 2673 1130 2731 servitutis
1149 2693 1203 2751 pro
1222 2672 1378 2730 animabus

181 2754 360 2813 famulorum
373 2762 493 2814 tuorum
509 2763 598 2832 atque
617 2755 789 2833 pontificum
801 2776 810 2829 ;
831 2754 1037 2832 supplicantes,
1050 2761 1086 2812 ut
1098 2773 1166 2812 cum
1179 2752 1379 2811 sacerdotibus

181 2841 271 2911 atque
294 2837 467 2912 praesulibus
492 2836 657 2912 apostolicae
680 2837 834 2912 dignitatis
855 2855 981 2911 quorum
1000 2841 1072 2892 sunt
1089 2834 1219 2892 exsecuti
1239 2833 1377 2906 officium,

181 2916 289 2974 habere
303 2923 471 2974 mereantur
484 2918 667 2993 sempiternae
680 2916 872 2974 beatitudinis
886 2916 1057 2992 portionem.
1100 2915 1166 2973 Per.

241 2997 482 3056 Postcommunio.

241 3077 415 3153 Propitiare,
439 3078 575 3149 Domine,
598 3077 860 3155 supplicationibus
884 3077 1043 3134 nostriset
1066 3076 1179 3134 animas
1198 3073 1377 3134 famulorum

180 3164 299 3216 tuorum
312 3159 496 3217 sacerdotum
509 3166 599 3236 atque
617 3158 790 3235 pontificum
803 3158 836 3215 in
849 3157 967 3234 regione
980 3157 1118 3216 vivorum
1131 3156 1248 3216 aeternis
1260 3154 1378 3233 gaudiis

177 3240 281 3316 jubeas
295 3239 407 3298 sociari.
448 3240 513 3298 Per.

596 3414 675 3470 Irnn
695 3429 753 3470 rso
774 3413 967 3471 Sscnnnornr

243 3494 352 3552 Oratio.

241 3574 331 3647 Deus,
347 3575 431 3650 cujus
443 3574 648 3632 misericordiae
665 3593 726 3632 non
739 3579 784 3631 est
797 3593 944 3641 numerus,
960 3572 1072 3649 suscipe
1089 3591 1143 3648 pro
1160 3570 1259 3628 anima
1271 3567 1376 3626 famuli

178 3654 225 3712 tui
252 3654 290 3712 N.
320 3655 477 3713 sacerdotis
506 3674 605 3731 preces
638 3661 762 3726 nostras,
790 3659 821 3711 et
849 3654 922 3712 lucis
956 3662 986 3711 et
1020 3652 1132 3710 laetitiae
1159 3651 1309 3730 regionem
1341 3648 1374 3706 in

180 3742 348 3793 sanctorum
362 3740 482 3792 tuorum
495 3736 633 3793 societate
646 3735 777 3793 concede.
819 3735 884 3793 Per.

240 3815 359 3874 Secreto.
720 3832 722 3835 ·

240 3896 331 3969 Deus,
353 3897 482 3954 Domine
505 3897 588 3955 Deus
609 3902 717 3967 noster,
742 3915 918 3972 quesumus,
942 3901 978 3952 ut
1004 3894 1183 3952 oblationem
1205 3909 1294 3969 quam
1317 3889 1376 3948 tibi

180 3976 329 4035 offerimus
350 3997 404 4053 pro
424 3978 523 4035 anima
543 3977 647 4034 famuli
667 3976 707 4036 N.
729 3977 886 4034 sacerdotis
906 3975 1037 4053 placatus
1055 3974 1187 4051 accipias,
1207 3990 1295 4049 quem
1312 3972 1376 4029 tuis

180 4057 323 4115 altaribus
346 4058 456 4115 servire
479 4058 621 4128 tribuisti,
647 4055 702 4134 (et)
727 4057 765 4115 ad
792 4057 898 4114 horum
925 4057 1074 4133 pertinere
1096 4056 1201 4131 jubeas
1228 4052 1375 4137 consortia

178 4138 368 4197 sacerdotum.

239 4218 480 4278 Postcommuoio.

240 4299 362 4372 Praesta,
376 4318 552 4375 quesumus,
564 4299 749 4376 omnipotens
763 4299 853 4372 Deus,
865 4319 917 4377 per
926 4299 988 4356 hoec
1002 4303 1103 4357 sancta
1116 4295 1256 4373 mysteria
1268 4294 1376 4353 animas

178 4379 284 4437 famuli
307 4381 354 4438 tui
375 4380 532 4439 saeerdotis
558 4386 674 4438 aeternae
701 4379 851 4439 felicitatis
877 4379 1065 4451 consortium,
1089 4379 1138 4436 cui
1161 4376 1277 4434 donasti
1300 4374 1377 4434 sacri

178 4459 280 4517 altaris
293 4460 431 4537 consequi
443 4461 647 4519 ministerium.
690 4460 756 4520 Per.
