2946 5002
139 300 201 362 226
595 297 736 362 Cauteloe
757 273 881 362 Missa.

135 464 254 521 missam
280 463 428 540 inceptam
455 463 595 533 deserere,
625 469 656 522 et
682 463 896 522 absolutionem
924 471 1023 541 petere
1033 485 1042 538 3
1066 464 1125 522 nisi
1151 464 1222 523 inde
1246 485 1336 542 grave

138 544 307 602 scandalum
321 545 442 602 oriatur.
1161 568 1165 575 ·

199 625 278 682 Item
291 625 317 682 si
329 624 486 682 muscarel
498 624 666 682 araneavel
685 624 798 701 aliquid
818 625 924 682 talium
945 632 1015 684 ante
1037 626 1282 684 consecrationem
1303 627 1337 684 in
1369 629 1374 639 '

139 705 258 763 calicem
267 705 413 778 ceciderit,
422 705 469 762 vel
479 704 569 763 etiam
576 725 724 764 venenum
734 705 897 763 immissum
906 706 969 763 fore
979 707 1217 783 deprehenderit;
1230 709 1337 764 vinum

138 787 226 844 debet
235 786 347 844 effimdi
355 786 433 863 quod
443 792 487 843 est
496 786 530 842 in
539 785 636 856 refice,
646 792 676 843 et
686 785 787 843 abluto
798 786 886 844 calice
896 786 977 844 aliud
986 789 1092 844 vinum
1102 807 1168 845 cnm
1178 808 1255 864 aqua
1265 789 1337 865 poni

137 867 175 924 ad
189 867 422 925 consecrandum.
453 866 524 924 'Sed
541 867 567 923 si
580 866 698 944 aliquod
716 867 823 924 horum
836 873 903 944 post
920 869 1167 926 consecrationem
1183 869 1336 942 acciderit;

137 948 224 1005 debet
236 968 336 1006 musca
349 947 396 1004 vel
410 967 517 1005 aranea
529 947 577 1005 vel
594 947 706 1023 aliquid
729 947 836 1004 talium
854 954 939 1006 caute
952 949 1026 1026 capi,
1043 954 1073 1006 et
1087 949 1244 1026 diligenter
1256 951 1337 1007 inter

136 1028 244 1106 digitos
257 1029 366 1105 pluries
379 1027 481 1100 lavari,
496 1033 527 1085 et
539 1027 648 1085 vermis
660 1028 792 1085 comburi
803 1047 813 1100 3
832 1034 863 1085 et
882 1029 994 1087 ablutio
1015 1049 1083 1087 cum
1096 1030 1244 1087 cineribus
1257 1050 1335 1088 com·

135 1109 217 1167 busti
228 1109 262 1166 in
274 1108 399 1169 sacrario
413 1108 521 1185 reponi
565 1108 723 1166 Venenum
744 1115 845 1166 autem
863 1109 946 1168 nullo
966 1111 1052 1168 modo
1066 1111 1153 1168 debet
1165 1111 1262 1183 sumi3
1284 1111 1335 1169 sed

135 1209 203 1248 cum
216 1189 348 1266 reliquiis
361 1190 448 1247 debet
461 1185 578 1266 sanguis
591 1190 659 1247 talis
683 1189 731 1246 cui
753 1209 902 1248 venenum
922 1197 967 1248 est
986 1191 1151 1249 immissum
1164 1191 1198 1247 in
1216 1191 1335 1249 vasculo

134 1271 245 1328 mundo
272 1270 444 1328 conservari.
500 1268 541 1327 Et
564 1289 602 1327 ne
624 1275 839 1327 sacramentum
866 1277 985 1328 maneat
1008 1271 1220 1348 imperfectum,
1244 1272 1334 1330 debet

133 1351 254 1410 calicem
273 1352 370 1409 denuo
381 1351 439 1408 rite
457 1369 628 1428 praeparare,
652 1356 683 1408 et
700 1370 846 1409 resumere
863 1353 1111 1410 consecrationem
1126 1352 1278 1430 sanguinis
1296 1353 1334 1411 ab

134 1433 191 1490 isto
204 1432 266 1490 loco
280 1431 380 1490 Simili
392 1433 477 1490 modo
485 1439 677 1507 posteaquam
690 1440 835 1490 cunctam
848 1442 896 1490 eat.
939 1433 980 1490 Et
993 1439 1066 1490 nota
1079 1433 1158 1509 quod
1172 1433 1334 1491 secundum

135 1513 274 1585 doctores,
289 1512 366 1569 nihil
379 1511 574 1570 abominabile
588 1512 666 1569 sumi
679 1511 766 1571 debet
779 1512 928 1570 occasione
942 1513 1031 1589 hujus
1045 1514 1227 1572 sacramenti.

195 1593 274 1651 Item
295 1593 322 1651 ei
341 1593 472 1654 sacerdos
492 1613 553 1650 non
572 1593 677 1651 recolit
696 1612 727 1651 se
747 1593 855 1650 dixisse
874 1593 988 1670 aliquid
1008 1594 1114 1651 horum
1140 1613 1206 1670 quae
1230 1594 1334 1652 debuit

135 1674 239 1746 dicere,
266 1693 327 1732 non
348 1673 436 1732 debet
458 1680 558 1731 mente
581 1673 715 1746 turbari3
736 1693 797 1731 non
819 1673 899 1731 enim
922 1675 975 1750 qui
998 1674 1094 1732 multa
1121 1674 1193 1733 dicit
1220 1695 1334 1752 semper

135 1755 237 1813 recolit
251 1774 316 1830 quae
329 1754 416 1815 dixit.
459 1754 569 1826 Etiam,
583 1754 609 1811 si
622 1754 679 1812 sibi
688 1773 741 1831 pro
755 1761 835 1814 certo
850 1761 973 1826 constat,
987 1755 1066 1831 quod
1074 1755 1175 1832 aliqua
1183 1757 1334 1829 omiserit3

136 1837 162 1892 si
183 1836 256 1894 talia
277 1855 337 1893 non
359 1842 429 1892 sunt
455 1835 493 1893 de
518 1835 691 1893 necessitate
718 1836 902 1908 sacramenti,
931 1836 1009 1893 sicut
1034 1842 1106 1894 sunt
1133 1836 1257 1894 Secretae
1284 1838 1333 1897 vel

135 1917 235 1993 aliqua
255 1916 345 1975 verba
365 1915 502 1988 (lenonis,
523 1916 603 1973 ultra
622 1916 768 1993 procedat,
791 1936 844 1974 nec
863 1917 977 1992 aliquid
996 1922 1133 1975 resumat.
1178 1916 1211 1974 Si
1231 1924 1333 1976 tamen

135 1997 327 2073 probabiliter
349 1996 407 2054 sibi
428 2002 550 2069 constat,
566 1997 645 2072 quod
667 1996 767 2053 omisit
788 1997 902 2073 aliquid
923 1998 1002 2073 quod
1029 1998 1069 2054 sit
1097 1998 1132 2055 de
1159 1999 1333 2056 necessitate

135 2078 317 2149 sacramenti,
340 2077 417 2135 sicut
436 2077 531 2135 forma
550 2078 708 2135 verborum
727 2097 779 2153 per
799 2097 888 2153 quam
908 2084 1101 2149 consecratur,
1123 2079 1223 2135 omnia
1242 2079 1333 2137 verba

136 2159 358 2218 consecrationis
378 2178 465 2234 super
486 2177 569 2216 suam
592 2158 747 2215 materiam
771 2177 917 2216 resumere
942 2158 1037 2231 debet,
1061 2159 1130 2236 quia
1154 2160 1353 2218 consecratio

135 2240 212 2297 facta
232 2259 293 2296 non
306 2245 401 2310 esset3
415 2240 494 2315 quod
504 2245 603 2296 tamen
613 2259 673 2296 non
686 2244 809 2314 oportet,
824 2239 849 2296 si
863 2239 1058 2315 praetermissa
1071 2258 1132 2296 non
1145 2247 1229 2297 esset.
1260 2239 1335 2298 Ocn-

130 2321 247 2396 junctio
268 2320 345 2378 enim
358 2319 406 2377 vel
425 2319 484 2376 alia
502 2320 593 2376 verba
606 2339 671 2396 quae
691 2320 861 2395 praecedunt
873 2319 921 2377 vel
941 2327 1106 2395 sequuntur
1121 2320 1255 2393 formam,
1271 2340 1332 2379 non

136 2408 206 2459 sunt
219 2401 255 2458 de
268 2399 360 2477 ipsius
374 2401 547 2458 substantia.

197 2482 229 2541 si
248 2488 348 2540 autem
368 2481 501 2539 sacerdos
521 2481 679 2553 dubitaret,
695 2499 734 2537 an
753 2479 873 2557 aliquod
894 2482 1018 2539 verbum
1038 2480 1189 2557 pertinens
1209 2482 1247 2540 ad
1268 2483 1334 2540 sub

135 2564 276 2621 stantiam
288 2563 389 2621 formae
404 2561 503 2621 omisit
516 2562 565 2619 vel
577 2581 637 2619 non
648 2582 658 2634 ;
678 2561 848 2619 nullatenus
861 2562 948 2619 debet
964 2581 1081 2619 servare
1094 2563 1219 2620 formam
1237 2564 1335 2621 condi-

135 2644 283 2716 tionalem,
292 2643 342 2701 sed
356 2644 419 2701 sine
427 2643 582 2703 temeraria
590 2642 749 2700 assertione
758 2642 882 2700 formam
892 2648 986 2700 totam
995 2662 1082 2719 super
1092 2663 1175 2700 suam
1184 2644 1335 2720 propriam

134 2725 288 2782 materiam
302 2724 389 2782 debet
409 2743 556 2781 resumere
570 2743 636 2780 cum
656 2723 711 2780 hac
724 2723 899 2794 intentione,
914 2724 992 2799 quod
1013 2725 1040 2781 si
1059 2724 1237 2781 consecratio
1257 2731 1334 2782 esset

134 2806 220 2877 facta,
239 2804 321 2864 nullo
348 2805 435 2861 modo
458 2803 600 2862 voluisset
617 2806 797 2860 consecrasse
808 2824 817 2875 3
845 2804 896 2860 sed
919 2805 944 2861 si
972 2805 1150 2862 consecratio
1171 2824 1232 2863 non
1258 2811 1334 2864 esset

135 2888 220 2957 sacta,
234 2885 325 2943 vellet
338 2904 443 2960 corpus
456 2889 487 2941 et
500 2884 672 2960 sanguinem
686 2902 860 2941 consecrare.

195 2966 283 3038 Item,
298 2966 324 3023 si
337 2965 404 3041 quis
418 2970 548 3040 tempore
556 2963 781 3021 consecrationis
792 2964 830 3021 ab
843 2964 953 3021 actuali
962 2964 1128 3023 intentione
1138 2971 1169 3024 et
1177 2966 1333 3024 devotione

134 3049 293 3106 distractus
306 3046 406 3117 fuerit,
421 3045 613 3104 nihilominus
634 3050 791 3114 consecrat,
806 3045 964 3102 dummodo
984 3045 1112 3104 intentio
1125 3046 1285 3106 habitualis
1299 3047 1332 3104 in

134 3149 168 3188 eo
192 3127 366 3187 remanserit
376 3148 386 3201 3
413 3145 528 3185 summo
552 3126 709 3197 sacerdote,
731 3125 841 3184 scilicet
866 3125 993 3201 Christo,
1020 3127 1175 3204 supplente
1198 3129 1262 3203 ejus
1287 3129 1334 3186 de-

134 3211 251 3270 fectum.

196 3293 229 3352 si
240 3298 340 3350 autem
350 3310 403 3368 per
412 3289 536 3348 nimiam
546 3289 767 3348 distractionem
776 3287 937 3347 habitualis
946 3287 1075 3346 intentio
1085 3306 1152 3346 cum
1162 3289 1271 3346 actuali
1279 3290 1333 3346 tol-

134 3374 253 3444 leretur,
266 3373 385 3430 videtur
398 3372 477 3449 quod
490 3372 608 3429 deberet
621 3371 712 3428 verba
726 3369 951 3428 consecrationis
964 3388 1031 3426 cum
1044 3368 1154 3427 actuali
1167 3369 1346 3442 intentione¹

134 3474 290 3528 resumere,
304 3455 346 3513 sic
356 3460 456 3512 tamen
466 3452 545 3528 quod
553 3451 646 3509 nollet
656 3471 831 3523 consecrare,
846 3449 872 3509 si
885 3449 1062 3508 consecratio
1075 3450 1154 3507 factu
1167 3456 1251 3508 esset.

195 3537 284 3606 Item,
309 3536 335 3592 si
355 3533 453 3594 hostia
476 3538 641 3591 consecrata
660 3539 780 3609 propter
800 3531 895 3609 frigus
909 3530 958 3589 vel
977 3528 1036 3587 allia
1056 3530 1092 3587 de
1112 3550 1199 3589 causa
1221 3529 1334 3588 labitur

42 3641 44 3645 ¹
136 3616 280 3676 sacerdoti
298 3616 331 3672 in
352 3615 479 3687 calicem,
494 3614 557 3672 sive
574 3619 643 3671 ante
664 3613 840 3670 divisionem
853 3611 957 3669 hostiae
977 3611 1040 3668 sive
1059 3617 1126 3687 post
1135 3632 1145 3685 3
1164 3630 1224 3668 non
1246 3612 1334 3669 debet

135 3718 200 3755 eam
228 3698 264 3754 de
291 3697 432 3773 sanguine
466 3694 629 3765 extrahere,
657 3713 712 3750 nec
737 3692 850 3769 aliquid
877 3697 998 3768 propter
1024 3690 1079 3749 hoc
1111 3691 1251 3750 reiterare
1285 3692 1333 3750 vel

135 3779 293 3836 immutare
312 3778 389 3835 circa
408 3775 632 3835 celebrationem
652 3773 836 3845 sacramenti,
857 3772 909 3829 sed
928 3771 1066 3849 procedat
1085 3772 1230 3850 insignis
1249 3778 1281 3829 et
1300 3773 1334 3829 in

135 3859 201 3917 aliis
214 3879 247 3917 ac
261 3859 287 3916 si
300 3857 422 3916 haberet
435 3857 540 3915 camin
553 3855 697 3914 manibus.

196 3940 229 3997 Si
256 3939 432 3997 eucharistia
456 3932 496 3996 ¹ad
524 3942 633 3994 terram
661 3935 805 4008 ceciderit,
834 3934 916 3993 locus
948 3934 1001 3991 ubi
1030 3933 1127 4011 jacuit
1153 3933 1276 3992 radatur
1302 3941 1333 3992 et

136 4021 317 4079 incineretur
336 4040 389 4096 per
408 4020 515 4096 ignem,
537 4024 568 4075 et
587 4017 661 4075 cinis
677 4018 767 4093 juxta
786 4016 879 4073 altare
899 4015 1049 4074 condatur.

197 4101 285 4172 Item,
314 4101 340 4158 si
372 4120 424 4177 per
450 4099 660 4176 negligentiam
686 4097 799 4174 aliquid
823 4097 859 4155 de
887 4095 1029 4172 sanguine
1052 4095 1211 4154 stillaverit
1245 4115 1333 4172 super

136 4181 268 4240 tabulam
282 4201 347 4258 quae
361 4187 446 4239 terrae
467 4181 604 4252 adhaeret,
620 4179 699 4237 stilla
717 4197 770 4255 per
790 4177 969 4236 sacerdotem
983 4196 1050 4234 cum
1070 4175 1172 4252 lingua
1184 4175 1334 4234 lambatur

136 4271 167 4320 et
180 4264 260 4322 locus
278 4262 387 4320 tabulae
404 4262 527 4319 radatur
534 4284 543 4336 3
564 4267 595 4318 et
608 4279 709 4319 rasura
722 4259 786 4336 igni
799 4258 996 4331 comburatur,
1010 4263 1041 4314 et
1055 4256 1127 4315 cinis
1137 4257 1227 4332 juxta
1240 4257 1334 4316 altare

136 4364 203 4402 cum
216 4344 349 4420 reliquiis
362 4343 538 4401 recondatur
542 4362 551 4414 3
569 4348 600 4400 et
610 4340 805 4417 quadraginta
817 4339 921 4396 diebus
934 4337 1075 4415 paeniteat
1087 4337 1136 4394 cui
1149 4337 1204 4396 hoc
1217 4338 1347 4398 accidit·

197 4425 229 4483 Si
240 4444 307 4483 vero
321 4423 567 4502 superstillaverit
580 4423 675 4496 calix3
689 4422 841 4481 sorbeatur
858 4419 946 4493 stilla,
957 4419 1054 4477 tribus
1067 4418 1170 4478 diebus
1183 4419 1333 4496 paeniteat.
