2946 5002
520 328 705 398 Orationes
729 329 937 398 Communes.

500 548 565 606 Pso
587 549 862 608 Bruurscroamus
881 565 971 606 v1v1s.

196 641 306 700 Oratio.
809 705 811 709 ,

194 723 321 795 Inclina,
337 722 474 794 Domine,
488 741 573 781 aures
593 728 652 780 tuae
672 723 801 799 pietatis,
816 729 846 781 et
867 723 976 781 exaudi
989 742 1088 799 preces
1101 730 1218 782 nostras
1228 745 1241 797 ς·
1257 725 1339 802 aperi

134 803 233 862 oculos
246 809 306 860 tuae
320 804 491 879 majestatis,
505 809 536 861 et
556 803 666 880 respice
687 804 833 880 propitius
853 823 940 880 super
952 803 1079 861 famulos
1093 810 1169 875 tuos,
1186 804 1240 882 qui
1252 805 1339 863 nobis

134 884 235 960 largiti
248 892 319 941 sunt
333 885 506 960 temporalia
519 885 616 942 bona:
638 885 676 941 da
689 885 740 956 eis,
756 885 894 956 Domine,
909 890 1096 960 peccatorum
1109 885 1337 962 indulgentiam,

134 972 164 1023 et
177 965 210 1022 in
224 966 359 1040 operibus
373 964 457 1022 bonis
478 965 728 1040 perseverantiam
752 971 783 1023 et
806 965 838 1022 in
858 985 948 1042 regno
969 971 1021 1022 tuo
1036 985 1142 1042 magna
1156 985 1211 1042 pro
1225 967 1337 1043 parvis,

135 1045 262 1184 οὗθῙΘεΪιία
286 1065 339 1121 pro
362 1046 496 1117 terrenis,
518 1051 547 1103 et
576 1065 629 1122 pro
655 1046 866 1122 temporalibus
890 1047 1011 1122 praemia
1037 1046 1223 1123 sempiterna.
1282 1047 1342 1104 Per

168 1146 308 1184 ommum.

197 1218 319 1277 Secreto.

199 1300 328 1375 Suscipe,
345 1319 522 1376 quaesumus,
537 1299 675 1371 Domine,
690 1299 837 1375 propitius
850 1320 904 1376 pro
918 1300 1012 1358 salute
1028 1300 1207 1358 famulorum
1220 1306 1341 1359 tuorum

139 1400 246 1437 munus
260 1381 403 1451 oblatum,
418 1386 448 1437 et
463 1400 536 1456 quos
549 1380 645 1437 fecisti
665 1380 786 1438 devotos
799 1400 852 1456 per
866 1381 1088 1457 eleemosynam,
1103 1381 1149 1439 fac
1164 1382 1266 1440 beatos
1280 1401 1341 1440 esse

137 1482 191 1538 per
204 1461 298 1518 sancti
312 1460 443 1518 muneris
456 1461 713 1518 consecrationem.
757 1461 816 1518 Per
829 1461 1002 1520 Dominum.

201 1558 446 1616 Postcommam'u

204 1639 396 1714 sumpsimus,
422 1639 559 1712 Domine,
582 1645 635 1696 tua
656 1646 758 1697 sancta
779 1641 941 1716 mysteria:
962 1640 1031 1697 Tibi
1050 1640 1160 1717 gratias
1184 1641 1344 1698 referentes

141 1720 268 1797 petimus
282 1723 455 1778 immensam
468 1721 655 1777 clementiam
669 1727 761 1792 tuam,
776 1729 811 1779 ut
825 1727 856 1778 et
869 1722 954 1778 nobis
967 1722 1123 1797 proficiant
1136 1720 1175 1778 ad
1187 1723 1339 1792 medelam,

141 1807 172 1858 et
186 1801 303 1858 famulis
317 1802 386 1873 tuis,
398 1803 451 1878 qui
460 1802 545 1858 nobis
558 1821 625 1858 suas
639 1801 740 1878 largiti
752 1808 824 1880 sunt
833 1804 1038 1878 eleemosynas,
1051 1801 1225 1860 adsalutem
1235 1803 1344 1860 mentis

141 1883 229 1963 simul
244 1890 273 1939 et
287 1881 423 1960 corporis,
467 1882 526 1940 Per
540 1882 713 1940 Dominum.

648 2138 713 2195 Puo
736 2138 838 2195 Vrvrs.

206 2220 316 2278 Oratio.

204 2300 369 2371 Praetende,
397 2300 534 2369 Domine,
563 2299 681 2356 famulis
709 2305 739 2357 et
767 2299 932 2356 famulabus
960 2299 1020 2356 tuis
1044 2299 1198 2357 dexteram
1222 2298 1346 2358 caelestis

142 2381 254 2454 arixilii,
271 2387 306 2438 ut
319 2387 350 2437 te
359 2385 424 2438 toto
435 2382 519 2438 corde
533 2382 715 2457 perquirant,
730 2386 760 2437 et
774 2400 840 2456 quae
854 2380 942 2457 digne
962 2381 1116 2457 postulant
1136 2388 1340 2456 assequantur.

145 2463 212 2522 Per.

205 2543 325 2603 Secreta.

207 2625 382 2700 Propitiare,
416 2624 553 2693 Domine,
585 2622 849 2698 supplicationibus
884 2623 1003 2694 nostriS,
1031 2628 1062 2680 et
1095 2622 1149 2679 has
1184 2622 1346 2680 oblationes

145 2705 323 2762 famulorum
346 2705 581 2780 famularumque
604 2710 732 2774 tuarum,
756 2723 829 2778 quas
857 2703 914 2760 tibi
936 2723 990 2779 pro
1014 2703 1219 2761 incolumitate
1247 2722 1347 2760 eorum

146 2785 303 2855 offerimus,
328 2785 472 2860 benignus
496 2804 619 2855 assume,
646 2789 676 2840 et
697 2791 732 2839 ut
754 2784 866 2840 nullius
891 2785 930 2840 sit
953 2784 1073 2840 irritum
1096 2788 1211 2856 votum,
1237 2784 1349 2841 nullius

147 2885 240 2922 vacua
254 2865 422 2940 postulatio,
439 2871 554 2940 praesta,
570 2883 746 2938 quaesumus,
761 2871 795 2920 ut
809 2864 888 2939 quod
902 2864 1030 2922 fideliter
1041 2865 1179 2941 petimus,
1195 2865 1350 2923 efficaciter

96 2992 98 2996 .
148 2962 367 3021 consequamur.
411 2945 469 3001 Per
483 2945 655 3002 Dominum.

209 3043 454 3102 Poslcommum‘o.

211 3125 260 3182 Da
280 3124 389 3181 familis
411 3130 442 3181 et
464 3124 630 3180 famulabus
655 3124 724 3195 tuis,
750 3143 927 3199 quaesumus,
944 3124 1080 3196 Domine,
1108 3125 1140 3181 in
1164 3130 1219 3181 tua
1239 3125 1296 3182 fide
1319 3130 1351 3181 et

150 3207 319 3264 sinceritate
333 3205 539 3275 constantiam,
554 3211 589 3262 ut
603 3205 636 3260 in
646 3204 769 3261 caritate
783 3205 886 3262 divina
899 3205 1009 3262 firmati
1029 3205 1120 3262 nullis
1134 3206 1352 3263 tentationibus

150 3289 189 3346 ab
202 3289 265 3363 ejus
279 3286 451 3363 integritate
464 3286 621 3343 vellantur.
665 3286 730 3344 Per.

573 3552 623 3607 Da
643 3567 779 3608 onumus
801 3549 936 3607 sil-ons.

216 3636 324 3696 Oratio.

216 3716 358 3787 Concede,
384 3731 560 3790 quaesumus,
589 3712 774 3787 omnipotens
796 3711 887 3780 Deus,
910 3717 946 3767 ut
972 3711 1142 3768 intercessio
1170 3729 1224 3768 nos
1246 3717 1354 3768 sanctae

156 3801 215 3859 Dei
235 3796 390 3875 genetricis
411 3812 583 3870 semperque
601 3792 725 3868 virginis
744 3791 849 3848 Mariae
863 3797 1090 3868 sanctarumque
1111 3791 1244 3848 omnium
1263 3792 1355 3849 caeles

155 3885 232 3939 tium
245 3881 394 3936 virtutum
414 3883 444 3934 et
465 3882 632 3932 sanctorum
653 3872 894 3949 patriarcharum,
910 3873 1129 3949 prophetarum,
1144 3873 1351 3948 apostolorum,

155 3961 411 4037 evangelistarum,
439 3961 614 4030 martyrum,
640 3954 845 4025 confessorum,
874 3959 963 4028 atque
990 3954 1150 4029 virginum,
1173 3959 1203 4010 et
1223 3954 1354 4010 omnium

157 4044 317 4101 electorum
338 4045 458 4096 tuorum
482 4037 593 4112 ubique
620 4035 767 4106 laetificet;
788 4040 823 4091 ut
845 4034 917 4091 dum
939 4054 1040 4092 corum
1060 4034 1168 4091 merita
1191 4034 1354 4104 recolimus,

157 4122 321 4201 patrocinia
334 4119 504 4177 sentiamus.
546 4116 605 4173 Per
619 4114 753 4173 eundem.

219 4214 339 4274 Secreta.

220 4295 345 4365 Oblatis,
372 4293 508 4364 Domine,
537 4290 651 4367 placore
678 4289 874 4361 muneribus;
902 4296 932 4346 et
959 4288 1158 4346 intercedente
1184 4289 1272 4346 beata
1299 4285 1356 4344 Dei

159 4376 305 4454 genetrice
327 4393 498 4450 semperque
518 4372 633 4447 virgine
656 4369 754 4429 Maria
767 4390 833 4428 cum
848 4370 984 4428 omnibus
1002 4369 1111 4427 sanctis
1128 4371 1197 4442 tuis,
1213 4367 1359 4427 acunctis

159 4478 213 4515 nos
223 4455 346 4514 defende
359 4453 505 4532 periculis.
548 4452 607 4510 Per
620 4450 754 4510 eundem.
