2946 5002
145 354 186 414 22
586 351 682 416 Festo
703 349 894 415 Februarii.

142 518 228 574 beato
249 519 375 594 praesule
397 525 427 575 et
449 524 578 593 martyre
591 523 645 574 tuo
659 517 759 575 Blasio
780 537 833 595 per
854 516 916 574 haec
939 516 977 574 ab
996 516 1132 574 omnibus
1153 514 1341 573 inimicorum

144 604 313 656 nostrorum
326 599 485 656 liberemur
501 598 625 657 insidiis.
669 598 735 656 Per.

204 677 385 738 Communia.
428 680 489 749 Qui
501 679 568 736 vult
580 680 688 737 venire.

202 759 443 819 Postcommurcio.

203 839 336 917 Sumpta,
356 861 531 918 quaesumus,
548 841 685 913 Domine,
701 845 884 898 sacramenta
907 840 944 896 ab
963 839 1045 895 omni
1065 858 1119 895 nos
1140 839 1342 916 nequitiarum

140 919 206 977 labe
219 923 385 996 purificent,
402 930 432 980 et
449 923 649 981 intercedente
662 923 748 979 beato
763 921 862 978 Blasio
881 920 1049 996 praesulcet
1067 926 1197 995 martyre
1211 926 1274 991 tuo,
1290 939 1341 977 suo

141 1020 262 1136 ilrpuneoe
296 1010 398 1061 contra
431 1023 532 1062 omnes
566 1022 680 1080 semper
713 1002 871 1060 diabolicos
905 1001 1041 1058 incursus
1074 1007 1219 1058 tueamur.
1284 1001 1342 1058 Per

173 1101 312 1140 ommum.

303 1272 414 1328 Siron
436 1269 596 1341 Grannum,
618 1285 823 1327 cournssoars.
869 1267 961 1345 (Prid.
979 1267 1059 1326 Non.
1077 1266 1162 1344 Feb.)

203 1401 343 1479 Officium.
387 1401 428 1458 Os
438 1400 522 1478 justi.

203 1481 311 1539 Oratio.
355 1482 477 1554 Adesto,
494 1480 629 1538 Domine.

201 1562 341 1638 Epistola.
386 1562 520 1620 Dilectus
534 1581 552 1619 a
566 1561 638 1620 Dec.

202 1642 335 1701 Grcdcle.
380 1643 517 1715 Domine,
532 1642 711 1718 praevenisti.

199 1724 348 1800 Alleluya.
397 1724 426 1782 V.
449 1725 513 1781 Iste
527 1728 653 1780 sanctus.

198 1805 401 1880 Enanqetium.
443 1804 566 1876 Videte,
581 1804 708 1880 vigilate.

200 1886 393 1960 Offertorium.
437 1885 632 1944 Desiderium.

199 1965 378 2026 Commutato.
422 1966 531 2026 Beatus
550 1986 659 2039 seruus,
676 1985 772 2041 quem,
793 1984 859 2022 cum
880 1963 996 2020 venerit
1017 1961 1172 2035 Dominus,
1192 1961 1338 2020 invenerit

138 2047 318 2124 vigilantem.

273 2241 401 2298 Sanora
422 2240 727 2311 Acsrnn,vruo1u1s
748 2255 785 2294 er
807 2253 970 2294 uaerrrus.
1014 2235 1103 2313 (Non.
1121 2233 1204 2313 Feb.)

200 2369 339 2444 Officium.

198 2451 386 2508 Gaudeamus
408 2469 508 2506 omnes
528 2450 561 2506 in
574 2449 712 2520 Domino,
730 2449 806 2505 diem
821 2448 930 2504 festum
950 2447 1128 2504 celebrantes
1152 2447 1207 2503 sub
1228 2446 1336 2504 honore

137 2532 265 2607 Agathee
293 2531 442 2606 martyris
471 2531 508 2587 de
539 2532 624 2606 cujus
655 2530 789 2606 passione
815 2530 946 2604 gaudent
976 2528 1074 2605 angeli
1105 2533 1136 2585 et
1167 2527 1336 2586 collaudant

136 2612 248 2670 Filium
262 2612 328 2670 Dei.

197 2693 344 2750 Psalmcs.

197 2774 359 2831 Eructavit·
368 2792 418 2830 cor
430 2792 530 2830 meum
543 2774 666 2830 verbum
679 2773 791 2829 bonum
805 2794 811 2830 :
832 2771 897 2829 dico
911 2791 965 2848 ego
979 2790 1066 2847 opera
1079 2789 1144 2827 mea
1157 2770 1227 2847 regi.

200 2854 311 2911 Oratio

196 2935 287 3006 Deus,
303 2935 355 3011 qui
373 2935 454 2991 inter
473 2940 570 2992 cetera
589 2934 730 3009 potentiae
751 2940 810 2990 tuae
829 2932 971 2990 miracula
992 2932 1082 2988 etiam
1102 2932 1135 2988 in
1149 2951 1223 2988 sexu
1236 2932 1335 3010 fragili

135 3017 289 3074 victoriam
304 3015 441 3090 martyrii
454 3015 607 3072 contulisti
622 3037 628 3073 :
650 3015 773 3073 concede
793 3015 948 3090 propitius,
964 3020 999 3070 ut
1020 3014 1104 3089 cujus
1117 3013 1254 3070 natalitia
1268 3015 1335 3072 coli·

135 3116 209 3168 mus,
225 3117 278 3172 per
291 3098 354 3172 ejus
367 3096 405 3153 ad
415 3102 446 3153 te
460 3096 594 3172 exempla
608 3097 784 3172 gradiamur.
827 3095 885 3152 Per
898 3095 1069 3151 Dominum.

195 3178 336 3253 Epistola.
380 3177 624 3250 Confitebortibi,
641 3178 770 3235 Domine
784 3196 846 3234 rex.

197 3259 331 3316 Gradcle.
373 3257 551 3335 Adjuvabit.

194 3339 343 3415 Alleluya.
394 3339 590 3398 tRAEmulor.

194 3419 358 3496 Sequentia.
403 3419 605 3491 Exsultemus,
637 3429 671 3477 ut
698 3420 732 3477 in
756 3417 934 3488 Communi,
968 3416 1011 3474 oet
1038 3417 1170 3489 Tractus,
1199 3418 1226 3475 si
1253 3416 1335 3493 iasra

133 3501 382 3580 Septuncest'mcm
395 3501 524 3559 evenerit.
570 3500 701 3560 Tractus.
746 3500 805 3569 Qui
819 3500 973 3557 seminant.

193 3582 392 3657 Decapolium.
437 3582 540 3639 Simile
554 3587 599 3638 est
611 3601 736 3658 regnum
750 3581 886 3638 caelorum
900 3581 1000 3639 decem
1013 3577 1186 3654 virginibus.

195 3662 387 3738 offertorium.
432 3662 611 3736 Offerentur,
626 3663 730 3738 majus.

192 3745 313 3803 Secreta.

194 3825 315 3902 Suscipe
334 3844 465 3897 munera,
489 3824 626 3895 Domine,
648 3844 713 3900 quae
733 3824 766 3879 in
787 3825 879 3880 beatae
894 3823 1021 3900 Agathae
1040 3823 1179 3900 martyris
1199 3827 1258 3880 tuae
1279 3821 1334 3880 sol·

133 3907 286 3964 lemnitate
314 3906 481 3978 deferimus,
510 3906 593 3980 cujus
620 3924 673 3961 nos
701 3904 874 3961 confidimus
901 3904 1065 3980 patrocinio
1089 3904 1216 3962 liberari.
1274 3903 1333 3962 Per

135 3987 304 4044 Dominum.

194 4067 376 4126 Communia

195 4149 256 4218 Qui
279 4169 326 4206 me
349 4148 488 4224 dignatus
504 4166 535 4204 es
556 4151 589 4204 at
611 4145 692 4203 omni
712 4144 798 4222 plaga
822 4165 931 4218 curare,
948 4154 978 4204 et
996 4147 1142 4204 mamillas
1164 4165 1243 4204 meas
1265 4164 1331 4204 mco

132 4230 244 4305 pectori
257 4230 422 4301 restituere,
438 4229 535 4304 ipsum
548 4227 653 4284 invoco
668 4227 766 4283 Deum
780 4227 894 4286 vivum.

193 4311 504 4463 {iiiiiiiieididimiiobiu
521 4389 657 4460 Domine,
674 4397 792 4465 sumpta
809 4389 957 4465 mysteria,
974 4395 1004 4447 et
1026 4389 1225 4448 intercedente
1246 4388 1333 4448 beata

132 4471 255 4549 Agatha
267 4477 397 4548 martyre
410 4477 464 4528 tua
477 4470 655 4548 sempiterna
665 4469 846 4548 protectione
860 4471 1042 4530 confirment.
1086 4469 1152 4528 Per.
