2946 5002
473 328 647 397 Orationes
672 330 878 397 Communes.

441 551 507 608 Pno
528 551 688 609 Pannsrrs
710 568 747 608 nr
768 551 921 610 Suenrrrs.

138 642 334 801 gffiomtens
348 724 523 801 sempiterne
537 725 628 797 Deus,
642 725 696 801 qui
715 724 786 782 lacis
804 725 952 782 mirabilia
964 744 1070 802 magna
1084 724 1163 783 solus
1173 744 1183 798 ;
1204 745 1277 803 pree-

75 805 167 863 tende
180 824 269 882 super
288 805 433 863 famulum
453 811 540 863 tuum
560 805 810 882 archiepiscopum
832 811 968 863 nostrum
986 811 1017 864 et
1034 825 1122 882 super
1141 813 1278 864 cunctam

75 886 334 962 congregationem
347 884 393 943 illi
407 885 591 944 commissam
605 885 750 963 Spiritum
771 887 873 963 gratiae
891 886 1045 959 salutaria3
1066 895 1096 944 et
1109 892 1145 944 ut
1157 887 1190 944 in
1203 888 1279 944 veri-

74 972 140 1106 {33
151 966 446 1106 ὖίέιὲἰίοέἓὼεεαιιι,
461 974 637 1044 perpetuum
650 967 692 1026 eis
712 986 808 1025 rorem
831 971 891 1024 tuse
912 967 1123 1026 benedictionis
1146 967 1277 1026 infunde.

138 1143 273 1296 {deiide
286 1243 462 1301 quaesumus,
476 1223 614 1297 Domine,
626 1223 804 1282 famulorum
817 1229 939 1282 tuorum
952 1224 1085 1301 planatus
1097 1224 1237 1298 intende;
1250 1231 1281 1282 et

76 1324 154 1382 quas
166 1303 200 1362 in
212 1305 355 1363 honorem
368 1305 496 1371 nominis
510 1305 557 1363 tui
570 1305 676 1364 devote
689 1312 787 1362 mente
808 1324 861 1383 pro
881 1305 923 1363 eie
943 1304 1129 1378 celebramus,
1143 1306 1282 1384 proficere

77 1386 138 1445 eibi
152 1385 284 1444 sentiant
296 1385 335 1443 ad
347 1385 499 1444 medelam.
543 1385 601 1443 Per
615 1386 785 1444 Dominum.

139 1483 385 1543 Poetcommuuio.
464 1502 466 1506 “

142 1564 225 1634 Quos
245 1565 355 1623 caelesti
374 1585 487 1622 recreas
507 1584 637 1638 munere,
652 1571 794 1641 perpetuo
812 1565 950 1637 Domine,
966 1565 1106 1623 comitare
1129 1565 1264 1642 praesidio
1273 1585 1283 1639 ;

79 1651 113 1703 et
125 1665 200 1723 quos
213 1645 313 1704 fovere
326 1666 387 1704 non
401 1645 519 1717 desinis,
533 1646 636 1723 dignos
649 1647 714 1703 fieri
731 1646 910 1722 sempiterna
929 1645 1130 1723 redemptione
1150 1647 1282 1706 concede.

80 1726 149 1785 Per.

550 1912 615 1970 Pno
637 1911 814 1971 Suunrrrso.

144 2005 255 2066 Oratio.

142 2087 236 2160 Deus,
261 2086 315 2164 qui
341 2107 372 2145 es
393 2086 459 2144 fons
483 2085 626 2144 bonitatis
640 2092 671 2144 et
694 2085 815 2164 pietatis
838 2085 929 2162 origo,
954 2086 1007 2163 qui
1028 2092 1197 2163 peccantem
1223 2108 1284 2145 non

81 2168 186 2241 stetim
195 2168 344 2246 judicias;
364 2167 415 2226 sed
428 2168 632 2244 paenitentiam
650 2167 806 2224 miseratus
826 2171 971 2242 expectas,
987 2174 1017 2224 te
1036 2187 1142 2243 quaeso,
1158 2174 1193 2226 ut
1216 2169 1285 2227 feei·

81 2269 191 2308 norum
213 2268 346 2306 meorum
369 2249 518 2325 squalores
541 2249 698 2324 absterges,
722 2254 752 2305 et
772 2267 819 2305 me
840 2247 877 2305 ad
899 2248 1096 2324 peragendum
1117 2249 1281 2324 injunctum

82 2329 212 2389 officium
225 2329 349 2406 dignum
362 2329 487 2402 ciliciae,
508 2336 537 2386 et
552 2330 604 2405 qui
617 2329 719 2386 altaris
733 2329 779 2386 tui
792 2327 991 2385 ministerium
1011 2329 1124 2405 suscepi
1137 2329 1285 2405 indignus,

82 2429 138 2486 ego
160 2410 304 2487 trepidus,
323 2410 361 2467 ad
382 2411 413 2467 id
436 2410 635 2486 peragendum
659 2410 765 2467 reddar
782 2416 929 2482 strenuus,
944 2415 974 2466 et
987 2408 1067 2467 int'er
1088 2428 1136 2467 eos
1158 2411 1210 2487 qui
1224 2411 1286 2468 tibi

83 2491 260 2568 placuerunt
272 2491 409 2549 inveniar
417 2491 605 2566 justificatus.
648 2490 714 2548 Per.

144 2588 267 2648 Secreta.

145 2669 288 2728 Sacrificii
301 2669 461 2747 praesentis,
476 2668 612 2742 Domine,
628 2669 739 2726 oblatio
752 2687 818 2725 mea
834 2672 978 2744 expurget
991 2667 1129 2739 facinora,
1143 2687 1196 2745 per
1209 2671 1288 2745 quod

86 2749 181 2808 totius
200 2751 305 2808 mundi
327 2750 450 2808 voluisti
468 2751 599 2808 relaxari
622 2756 748 2826 peccata,
763 2748 902 2826 illiusque
926 2749 1162 2824 frequentatione
1181 2749 1290 2808 efficiar

86 2830 201 2908 dignus,
216 2832 295 2908 quod
309 2837 344 2888 ut
356 2831 575 2908 frequentarem
587 2831 700 2907 suscepi
713 2829 860 2907 indignus.
903 2829 962 2887 Per
975 2829 1145 2888 Dominum

146 2928 389 2987 Poetoommuue'o.

147 3009 260 3086 Hujus,
285 3008 422 3080 Domine,
448 3008 596 3087 perceptio
620 3007 797 3066 sacramenti
823 3013 1008 3084 peccatorum
1029 3007 1161 3065 macules
1182 3013 1289 3084 tergat,

87 3095 119 3149 et
131 3089 169 3149 ad
182 3089 382 3168 peragendum
393 3089 564 3166 injunctum
578 3089 706 3146 officium
720 3108 767 3146 me
780 3088 919 3146 idoneum
933 3087 1044 3146 reddat
1088 3088 1153 3147 Per.

559 3351 625 3409 Pno
647 3351 825 3410 Snuurrrso.

150 3443 343 3601 greitiasscujue
356 3525 508 3602 proprium
528 3531 573 3583 eet
592 3543 719 3601 parcere,
735 3525 857 3597 salvare,
871 3531 902 3583 et
921 3545 982 3583 non
1002 3526 1129 3603 perdere,
1145 3527 1291 3604 propitius

91 3609 155 3663 esto
186 3604 262 3664 milri
286 3607 442 3682 peccatori,
470 3613 501 3664 et
535 3605 676 3683 quicquid
707 3606 875 3683 iniquitatis
904 3607 952 3664 vel
980 3607 1092 3683 peccati
1113 3624 1176 3683 ‘ego
1202 3609 1292 3666 miser

81 3684 275 3824 {eggiglplrlrffir
287 3687 429 3760 commisi,
445 3693 480 3744 tu
493 3687 570 3764 pius,
585 3687 712 3763 supplex
732 3688 860 3759 obsecro,
882 3686 1041 3746 clementer
1063 3687 1190 3766 indulge.
1234 3689 1293 3747 Per

151 3860 322 4021 {midine
338 3964 513 4023 quaesumus,
528 3944 657 4003 Domine
672 3945 761 4017 Deus,
776 3943 933 4003 oblationis
948 3944 1091 4002 virtutem
1108 3953 1293 4021 peecatorum

94 4043 226 4163 1300er
235 4025 355 4119 uincula
369 4027 527 4102 disrumpe,
538 4032 569 4083 et
579 4026 719 4103 quicquid
728 4045 881 4103 paenarum
890 4026 986 4083 merui
995 4027 1173 4102 propitiatus
1182 4035 1292 4087 averte.

120 4125 151 4162 er
196 4125 336 4164 ominum.

90 4218 93 4223 ·
154 4205 396 4264 Poetcommunio.

154 4285 290 4363 Sumpto,
318 4285 456 4358 Domine,
486 4285 614 4361 corporis
641 4292 672 4343 et
698 4284 848 4362 sanguinis
885 4284 932 4342 tui
959 4291 1148 4355 sacramento,
1177 4295 1294 4362 praesta,

96 4384 274 4442 quesumus,
289 4372 325 4424 ut
339 4366 394 4424 hoc
406 4367 484 4424 idem
500 4366 575 4423 mihi
598 4366 743 4443 peccatori
767 4364 902 4442 proficiat
919 4365 956 4423 ad
971 4365 1096 4437 reniam,
1112 4367 1296 4442 quodetiam

98 4447 154 4505 toti
167 4447 281 4506 mundo
294 4447 407 4525 proluit
419 4448 458 4506 ad
472 4447 606 4506 salutem.
649 4447 707 4506 Per
721 4446 891 4504 Dominum.
