2946 5002
678 399 774 464 Festa
788 398 890 463 Moli.

380 600 492 657 Senon
511 598 671 657 Jonannrs
692 617 733 656 nn
754 599 949 657 Bavaumoo.
994 597 1086 675 (Nou.
1104 598 1191 676 Mai.)
1231 617 1233 620 ’

247 723 387 798 Officium.
431 723 546 780 Statuit
559 723 593 780 ei.

247 805 356 862 Oratio.

245 885 336 956 Deus,
360 885 412 960 qui
436 890 610 961 praesentem
634 885 712 941 diem
737 886 816 944 beati
843 883 992 943 Johannis
1019 883 1193 941 confessoris
1220 884 1268 940 tui
1296 891 1389 961 atque

182 966 331 1045 pontificis
352 966 528 1041 migratione
550 966 732 1037 consecrasti,
749 967 787 1023 da
808 966 933 1023 ecclesiae
955 971 1014 1022 tuae
1030 964 1119 1040 digne
1138 964 1174 1021 de
1193 966 1258 1040 ejus
1272 966 1389 1024 sollem-

182 1048 277 1106 nitate
290 1047 426 1123 gaudere,
442 1052 478 1103 ut
491 1047 570 1122 apud
584 1047 813 1103 miscricordiam
827 1053 910 1104 tuam
925 1046 1066 1121 exemplis
1080 1047 1105 1120 ej
1111 1066 1144 1102 us
1164 1045 1343 1121 adjuvemur
1357 1055 1391 1104 et'

184 1128 304 1186 meritis.
346 1127 405 1185 Per
419 1128 590 1184 Dominum.
913 1131 916 1136 '

243 1209 386 1284 Epistola.
430 1208 506 1266 Ecce
518 1209 658 1265 sacerdos.

245 1289 391 1364 Alleluya.
442 1289 471 1346 V.
494 1289 601 1346 Justus
614 1289 800 1364 germinabit.

243 1370 391 1444 Alleluya.
434 1369 463 1427 V.
485 1368 524 1426 In
538 1370 586 1426 die
599 1370 821 1426 resurrectionis
842 1389 922 1439 meac,
938 1369 1011 1426 dicit
1031 1367 1199 1426 Dominus:
1221 1371 1391 1445 praecedam

181 1471 234 1511 vos
247 1453 280 1508 in
295 1450 448 1509 Galilaeam
463 1447 519 1530 [ccl
531 1451 566 1508 dc
579 1450 890 1508 ascensione-MSS.
906 1451 945 1522 A,
962 1450 998 1521 B,
1015 1448 1046 1521 O,
1063 1448 1123 1506 aud
1137 1447 1186 1528 G].

243 1532 407 1607 Sequentia.

549 1612 661 1683 Gaude,
676 1618 772 1670 mater
786 1612 926 1684 Ecclesia,

548 1694 588 1750 In
601 1693 730 1750 filiorum
744 1692 856 1769 gloria:

549 1775 629 1844 Quos
642 1775 744 1850 parta*
759 1775 884 1831 victoria

589 1856 661 1913 Oaeli
675 1857 803 1931 suscepit
816 1855 905 1912 curia.

547 1938 597 1994 Ibi
611 1938 689 1994 salus
703 1936 845 1994 continua

588 2019 629 2075 Et
642 2038 703 2094 pax
716 2018 798 2094 viget
810 2023 970 2094 perpetua:

546 2099 596 2157 Ibi
610 2099 670 2156 Dei
683 2100 840 2174 praesentia

587 2179 680 2236 Plena
694 2179 745 2235 dat
758 2179 868 2236 sanctis
881 2178 989 2256 gaudia
1000 2201 1006 2234 ι

546 2260 596 2317 Ibi
609 2261 631 2316 J
633 2260 779 2316 ohannem
793 2259 891 2316 caelica

587 2341 729 2397 Sanctum
743 2340 916 2397 demulcent
929 2340 1060 2398 cantica:

546 2421 639 2496 Cujus
652 2420 716 2477 vita
728 2421 912 2478 sanctissima

585 2501 746 2558 Virtutum
759 2501 876 2578 fulgct†
889 2502 985 2577 gratia

545 2583 651 2640 Mutus
664 2583 762 2655 fatur,
783 2591 813 2640 et
826 2582 947 2658 fugatur

586 2664 700 2740 Capitis
713 2664 903 2735 obscaenitas3

545 2745 619 2802 Post
633 2745 760 2801 salutern
773 2746 865 2802 vestit
880 2751 978 2802 cutem

585 2825 721 2882 Orinium
735 2825 896 2883 amoenitas.

544 2906 625 2963 Dum
639 2907 796 2964 defunctus
811 2912 886 2963 esset
899 2912 1007 2964 unctus

584 2987 774 3044 Sacrosancto
789 2988 955 3058 chrismate,

542 3068 626 3125 Mors
639 3069 757 3137 recedit,
773 3068 837 3125 vita
851 3069 929 3126 redit

583 3149 694 3207 Orante
708 3149 855 3224 pontifice.

542 3229 732 3306 Obstupescit
745 3231 850 3287 hausto
864 3238 937 3306 potu

581 3311 681 3368 Plebis
695 3311 847 3383 adunatio,

541 3392 628 3461 Quod
641 3392 765 3468 liquoris
781 3392 929 3449 benedicti

581 3473 613 3529 N
614 3493 653 3529 on
668 3478 701 3530 lit
716 3473 882 3530 minoratio.

541 3552 654 3630 Lapsus
668 3573 743 3628 equo
758 3553 945 3622 convalescit,

540 3634 581 3692 Et
595 3635 731 3691 laesuram
745 3634 831 3690 laesus
844 3635 939 3690 nescit

581 3715 720 3772 Praesulis
733 3715 906 3791 precamine.

540 3797 643 3872 Surgit
657 3816 729 3853 sana
742 3794 896 3866 monialis,

540 3877 708 3935 Mandatur
720 3882 857 3932 matrona
870 3876 956 3932 malis

580 3957 720 4033 Ejusdem
730 3957 893 4033 juvamine.

540 4039 665 4096 Sanctus
679 4059 765 4095 orans
779 4037 865 4094 corde
878 4037 988 4095 mundo

539 4120 602 4177 Dat
616 4119 741 4176 salutem
757 4119 942 4190 moribundo,

580 4200 688 4257 Turbis
701 4199 925 4259 admirantibus.

540 4283 600 4340 Res
613 4281 749 4337 miranda
763 4300 813 4336 vas
827 4285 998 4354 quassatum

541 4363 658 4419 Vinum
671 4367 770 4418 servat
781 4361 939 4431 illibatum,

580 4443 695 4500 Fractis
709 4442 787 4499 vasis
800 4441 941 4518 partibus.

296 4547 309 4572 ¹*
324 4546 354 4593 al.
366 4548 473 4605 peraeta:
490 4545 519 4593 al.
531 4550 621 4606 parata.
993 4544 1006 4603 τ
1020 4541 1051 4587 cl.
1063 4541 1140 4587 fulsit
