2946 5002
716 363 834 429 Prone.

681 579 867 638 LXXXIV.
1043 651 1045 656 Ι

469 705 519 762 Da
539 719 654 761 saucio
674 702 854 772 anaaua,
875 715 1088 759 aucmento.

316 829 367 908 An
388 842 548 898 cananeus,
570 842 632 883 aax
652 823 797 896 cauca·
815 831 955 898 utsupra
969 820 1037 899 (vot
1052 819 1084 879 ii.
1099 840 1127 896 p.
1147 819 1224 896 108).

688 1020 855 1078 LXXXV.

256 1152 430 1211 nonanus
451 1169 497 1225 ua,
520 1169 582 1210 anx
595 1151 699 1209 Mariae
712 1151 811 1228 genite
824 1150 1008 1228 sempiteme‚

256 1233 349 1310 Cujus
362 1253 436 1291 crux
449 1239 494 1290 est
507 1232 586 1291 salus
599 1239 717 1305 nostra;

256 1313 349 1390 Cujus
361 1333 440 1371 mors
453 1320 498 1372 est
510 1314 574 1371 vita
587 1320 695 1371 nostra

255 1394 301 1451 Tu
313 1395 435 1452 victima
449 1400 479 1452 et
491 1394 589 1452 hostia
601 1394 696 1453 factus
710 1412 740 1451 es
753 1394 847 1457 crucis
859 1412 916 1451 ara

253 1474 364 1532 Mortis
376 1481 462 1552 porta
474 1481 570 1532 morte
582 1481 636 1532 tua
648 1493 701 1551 per
714 1493 828 1531 crucem
841 1480 888 1532 est
901 1473 1026 1532 exclusa.

253 1554 398 1613 Extincto.
410 1562 480 1614 sunt
493 1575 606 1613 venena
618 1561 675 1612 tuo.
685 1555 827 1630 sanguine
841 1554 1012 1612 Leviathan.

253 1635 368 1694 Siocata
381 1636 515 1712 Babylon
524 1638 588 1712 jam
601 1655 654 1712 per
662 1641 692 1692 te
705 1634 829 1692 flumina
841 1634 1007 1711 sulphurea.

254 1715 372 1774 Ohnste
393 1717 561 1794 redemptor
581 1717 694 1790 mimdi‚
713 1716 837 1774 famulos
860 1716 954 1773 crucis
974 1716 1057 1792 signo
1075 1734 1191 1773 aversos
1209 1715 1279 1792 fuga
1301 1721 1371 1773 tuos

333 1798 433 1856 releva
445 1804 476 1856 et
489 1798 596 1857 exalta.

252 1877 348 1935 Novit
363 1878 575 1936 Constantinus
588 1878 660 1954 quid
673 1883 771 1953 posset
784 1897 859 1935 crux
872 1884 934 1949 tua,
950 1875 1067 1934 Chiistc
1081 1877 1103 1934 J
1104 1896 1162 1936 esu

251 1958 349 2016 Novit
361 1967 393 2017 et
405 1959 561 2017 Heraclius
575 1959 646 2016 dum
659 1959 738 2015 cadit
758 1958 905 2016 Chosdroe
918 1958 1011 2015 hostis
1023 1964 1101 2015 tuus

253 2038 353 2096 Sensit
366 2041 539 2098 Danubium
549 2039 691 2101 teDeum
705 2059 767 2096 esse
785 2058 898 2112 verum,

251 2119 401 2177 Infectam
415 2140 528 2178 veneno
542 2121 685 2197 serpentis
698 2120 859 2179 teterrimo.

251 2200 273 2257 J
274 2219 326 2258 esu
339 2201 397 2258 tibi
409 2203 449 2258 sit
461 2201 555 2278 gloria
569 2207 600 2258 et
612 2201 683 2258 laus.

672 2379 856 2438 LXXXVI.

308 2513 464 2589 Sequentia
478 2530 518 2571 nn
532 2513 709 2572 Minaeums
723 2512 851 2570 Omnem
866 2528 903 2568 m
916 2527 957 2568 nu
971 2503 1227 2570 Rasuaaaonioun
1242 2529 1323 2570 saus.
1372 2510 1377 2518 '

307 2609 452 2687 Alleluya

227 2708 351 2767 Laenas
373 2708 554 2778 Sanvauoal,
569 2715 708 2783 utsupra
722 2706 791 2785 (vol.
806 2707 825 2763 i.
841 2726 869 2783 p.
887 2704 967 2785 127).

663 2884 864 2960 Lxxxvn.

491 3031 649 3108 Sequentia
661 3048 702 3089 oa
723 3048 836 3090 sancto
857 3031 1033 3090 Swmnuuo.

308 3113 457 3190 Alleluya.

246 3210 384 3268 Psanmu
404 3211 560 3270 Econusm·
576 3226 679 3268 nausa
692 3210 806 3284 decora,

245 3291 350 3350 Mente
363 3293 471 3350 devota
483 3298 515 3350 et
527 3310 598 3349 voce
612 3311 738 3350 consona
752 3291 882 3349 Domino
895 3290 945 3368 pia
957 3296 1096 3367 personet
1108 3310 1234 3368 organa:

245 3373 361 3431 Laudes
374 3374 490 3431 cantica
497 3372 631 3450 jubilans
644 3372 800 3449 persolvat,
816 3372 913 3430 dulcia
926 3372 1021 3429 cordis
1034 3373 1141 3430 feriens
1153 3379 1304 3450 tympana,

245 3453 390 3512 Recolens
403 3454 556 3512 sollemnia
568 3460 659 3529 atque
671 3454 748 3511 festa
761 3453 820 3510 diei
839 3453 954 3530 gaudia,

246 3534 419 3592 swithunus
432 3535 464 3591 in
478 3555 537 3611 qua
549 3535 612 3591 alta
624 3536 709 3592 laetus
723 3534 837 3591 scandit
850 3534 985 3591 caelorum
999 3534 1137 3604 culmina,

245 3614 423 3692 Euangeliou
436 3615 552 3672 radians
565 3615 669 3691 gratia,
684 3621 719 3672 ut
732 3615 844 3692 lampas
856 3614 1009 3692 splendida

246 3695 358 3754 Noctes
370 3697 506 3754 tenebras
519 3696 629 3772 effugat
642 3715 651 3768 3
673 3697 779 3753 erroris
792 3701 928 3773 amputat
940 3695 1093 3767 scandaia;

246 3775 366 3834 Semina
379 3777 464 3834 verbi
477 3783 577 3834 sancta
590 3783 620 3835 ct
633 3776 776 3834 catholiea

247 3857 307 3915 Per
319 3857 495 3934 populorum
509 3877 580 3915 arva
593 3857 658 3914 Deo
672 3857 798 3914 seminat
809 3877 819 3930 ;

248 3937 373 3995 Taleuta
386 3938 443 3996 sibi
457 3939 568 3996 credita
581 3957 599 3994 a
612 3944 697 4014 patre
710 3938 837 3996 familias

246 4018 431 4095 Multiplicat
444 4026 475 4077 et
488 4024 661 4096 augmentat
673 4038 777 4076 usuras
792 4018 970 4077 Dominicas.

242 4099 352 4157 Plenus
365 4100 510 4177 sapientia
522 4100 643 4160 millena
655 4100 820 4158 animarum
835 4099 899 4158 Deo
912 4100 1044 4159 lucratur
1057 4099 1175 4176 agmina
1186 4119 1195 4171 3

242 4180 321 4238 Oves
335 4181 391 4238 sibi
404 4182 528 4239 creditas
541 4181 643 4238 divina
656 4200 708 4256 per
721 4200 827 4257 pascua
839 4187 940 4258 pastor
952 4181 1076 4259 pervigil
1091 4180 1196 4239 educit.

242 4261 293 4318 Ad
307 4263 391 4338 cujus
405 4282 470 4320 ossa
482 4262 598 4339 sepulta
607 4262 667 4318 Dei
678 4261 775 4338 gratia
834 4259 837 4266 ’

219 4430 233 4457 '⁸
243 4431 296 4476 MS.
307 4432 385 4489 reads,
395 4433 444 4478 line
455 4435 490 4490 17,
501 4436 516 4461 “
524 4433 570 4479 Gui
579 4433 639 4479 estis
652 4433 844 4481 administrantia
858 4435 919 4482 dena
928 4436 1002 4482 millia
1011 4436 1116 4482 millium
1126 4450 1192 4484 sacra
1202 4436 1228 4494 ;,”
1250 4435 1297 4482 and
1307 4435 1356 4482 line

160 4489 197 4546 18,
208 4493 224 4518 ‘⁶
232 4489 440 4551 Verbigenamque
450 4493 574 4550 dragmam
583 4492 698 4540 decimam
704 4498 785 4542 vestra
794 4495 864 4542 duxit
873 4509 946 4556 super
954 4496 1093 4555 algamate.”
