2946 5002
243 300 283 365 98
659 277 764 437 festa
785 298 987 385 Septembris.

185 505 186 511 .
297 460 416 522 Secreta.
459 463 530 535 Tua,
546 464 679 536 Domino,
698 466 850 542 propitius.

215 596 220 601 .
297 544 534 603 Posteommaaio.
588 545 729 623 Sumptis,
749 546 883 619 Domine,
906 547 1090 618 salutaribus,
1112 556 1138 605 et
1162 553 1271 617 cetera·
1294 546 1367 606 sicat
1387 547 1421 604 ia

245 623 352 700 Vatia
365 624 587 702 Assumptioais,
601 646 668 684 cam
680 627 818 716 amirario
831 627 866 684 de
878 637 976 686 saaato
988 627 1119 686 Emistio.

557 823 666 882 Ssucrr
687 823 827 881 Evuaru.
870 821 931 902 (vii
947 823 991 881 Id.
1008 823 1101 900 Sept.)

301 937 439 1012 Officium.
482 938 601 996 Statuit.

301 1018 409 1077 Oratio.
429 1023 431 1027 ’
452 1018 507 1089 Da,
523 1037 693 1095 quaesumus.

300 1098 438 1174 Epistola.
480 1099 555 1156 Ecce
574 1098 712 1156 sacerdos,

300 1177 433 1237 Gradak.
475 1179 603 1236 Juravit.

297 1259 443 1335 Alleluya
491 1259 519 1317 V.
542 1259 650 1316 Inveni
669 1257 774 1316 David

299 1339 497 1414 Euarepeliaaa
539 1339 638 1397 Homo
652 1339 771 1415 quidam
784 1356 908 1416 peregre.

301 1418 489 1493 Offertoriam.
531 1419 657 1477 Veritas.

300 1498 478 1558 Ocramaaio.
520 1499 629 1557 Fidelis
649 1519 756 1557 servus

317 1693 356 1750 Iu
375 1710 428 1750 nur
448 1662 649 1751 Nurrvrrsrrs
670 1709 774 1750 seira
794 1691 910 1749 Mamm
930 1691 1082 1749 Vmauus.
1127 1689 1176 1768 (vi
1193 1690 1238 1749 Id
1254 1690 1348 1768 Sept.)

299 1804 436 1880 Officium.

280 1885 287 1918 l
301 1886 484 1944 Gaudeamus
504 1906 603 1944 omnes
617 1888 648 1943 in
667 1887 803 1959 Domino,
822 1886 900 1943 diem
920 1886 1026 1943 festum
1042 1885 1219 1944 celebrantes
1237 1886 1291 1943 sub
1309 1887 1420 1944 honore

239 1966 343 2024 Mariae
355 1967 485 2044 virginis,
495 1967 531 2025 da
545 1968 627 2043 cujus
644 1968 800 2025 nativitate
817 1968 945 2044 gaudent
962 1966 1058 2044 angeli
1076 1971 1106 2024 et
1124 1967 1291 2024 collaudant
1308 1967 1418 2024 Filium

239 2047 305 2106 Dei.

297 2127 441 2186 Psalmaa

298 2208 514 2267 Eructavitcor
525 2228 624 2267 meum
636 2209 758 2266 verbum
771 2209 880 2266 bonum
893 2230 900 2266 ι
920 2208 984 2266 dico
998 2228 1050 2284 ego
1064 2226 1151 2284 opera
1163 2227 1228 2266 mea
1240 2207 1308 2284 regi.

300 2287 407 2346 Oratio.

278 2421 282 2431 ,
299 2367 546 2444 supplicationem
559 2388 708 2427 servorum
721 2375 848 2440 tuorum,
863 2370 951 2442 Deus,
966 2369 1119 2426 miserator
1136 2368 1250 2440 exaudi,
1266 2374 1300 2425 ut
1320 2369 1372 2445 qui
1384 2369 1417 2424 in

239 2447 405 2506 Nativitate
426 2449 484 2505 Dei
503 2450 655 2525 genetricis
668 2456 699 2507 et
719 2450 838 2525 virginis
855 2468 1069 2526 congregamur,
1085 2450 1147 2525 ejus
1163 2448 1420 2507 intercessionibus

238 2528 415 2604 complacati,
430 2548 448 2586 a
460 2535 491 2586 te
503 2530 539 2586 de
552 2531 729 2588 instantibus
740 2530 875 2607 periculis
888 2549 1030 2588 eruamur.
1072 2529 1130 2586 Per
1143 2529 1276 2588 eundem.

298 2608 441 2666 Memoria
454 2611 488 2667 de
501 2620 597 2669 sarecto
610 2609 750 2683 Adriano,
765 2620 897 2686 martyre.
941 2609 1048 2668 Oratio.

298 2688 416 2760 Praesta,
432 2709 603 2765 quaesumus,
619 2692 800 2767 omnipotens
813 2692 901 2761 Deus,
916 2696 952 2747 ut
965 2691 1016 2766 qui
1036 2690 1115 2748 beati
1129 2690 1257 2747 Adriani
1276 2690 1416 2766 martyris

234 2768 281 2825 tui
301 2769 435 2826 natalitia
456 2770 583 2843 colimus,
606 2791 624 2829 a
647 2771 759 2829 cunctis
779 2771 863 2828 malis
883 2771 1103 2830 imminentibus
1127 2772 1190 2846 ejus
1211 2770 1418 2828 intercessione

236 2847 400 2906 liberemur.
443 2849 501 2906 Per
513 2851 682 2914 Dominum.

296 2928 434 3005 Epistola.
476 2929 572 2989 Lectio
592 2930 661 2989 libri
679 2931 836 3007 Sapientiae
858 2932 911 3008 (ia
937 2932 983 2990 1-7
984 2931 1015 3007 ).

297 3008 323 3066 0
337 3028 425 3085 quam
437 3009 558 3086 pulchra
570 3031 658 3086 aoqae
671 3013 712 3070 ad
730 3012 879 3088 refrigerio
893 3012 957 3071 erit.

297 3087 428 3148 Gradak.
469 3092 554 3148 Audi
572 3091 640 3150 filia.

295 3169 440 3246 Alleluya.
488 3170 517 3231 V.
540 3169 691 3231 Nativites
704 3172 833 3250 gloriosae
847 3173 1096 3251 VirginisMariae
1111 3193 1148 3231 ex
1162 3172 1271 3231 semine
1285 3173 1418 3232 Abrahae

235 3254 300 3307 orta
312 3249 348 3308 de
361 3250 442 3308 tribu
454 3250 476 3309 J
478 3252 534 3309 uda
547 3252 624 3310 clera
637 3273 674 3311 ex
687 3254 777 3330 stirpe
791 3254 896 3312 David.

294 3329 454 3405 Seqaeatia.

235 3409 306 3468 Alle
319 3410 429 3468 caeleste
442 3431 554 3471 necnon
567 3419 597 3472 et
609 3434 734 3491 perenne
748 3416 817 3492 luya

235 3490 300 3563 Dic,
314 3491 528 3567 paraphonista,
543 3513 609 3551 cum
622 3515 702 3552 mera
714 3497 894 3572 symphonia,
950 3495 952 3498 ’

235 3570 318 3628 Tuba
330 3577 360 3629 et
374 3591 479 3630 canora
490 3574 637 3649 palinodia
651 3581 744 3633 canta.

234 3649 313 3708 Nam
327 3652 420 3709 omnis
433 3653 497 3710 usia
509 3653 584 3712 hanc
597 3655 708 3714 Christi
721 3657 896 3733 genetricem
909 3656 957 3713 die
969 3656 1027 3714 ista

234 3730 403 3808 Oongaudet
417 3739 554 3806 exortam,
569 3754 621 3811 per
633 3756 721 3812 quam
734 3737 791 3794 sibi
804 3737 948 3794 sublatam
962 3737 1039 3813 capit
1052 3736 1152 3794 vitam.

232 3810 374 3870 Dauidica
386 3813 476 3890 stirpe
489 3820 552 3872 sata
565 3815 687 3874 Doridis
700 3817 737 3873 ad
749 3823 862 3893 sceptra
875 3823 919 3874 est
931 3817 1057 3893 regenda
1070 3816 1150 3893 prole
1162 3815 1344 3874 foecundata:

232 3890 296 3948 Nec
309 3893 460 3968 gravidata
472 3901 542 3952 sunt
554 3896 663 3955 viscera
676 3903 775 3954 mmen
787 3917 839 3974 per
848 3897 909 3954 ulla
917 3898 1010 3974 patris
1020 3897 1157 3970 membra,
1167 3896 1218 3955 sed
1227 3916 1265 3954 ex
1274 3895 1331 3954 fide
1341 3895 1412 3954 sola.

231 3970 283 4028 Ab
296 3991 361 4030 arce
373 3993 485 4034 summa
497 3976 616 4053 angelus
628 3977 753 4050 adstans,
769 3976 873 4049 Maria,
888 3979 994 4054 inquit,
1008 3977 1094 4050 alma,
1110 3977 1186 4049 Ave,
1199 3977 1286 4054 plena
1309 4003 1312 4008 ·

231 4051 334 4110 Gratia
346 4073 433 4127 sacra,
445 4061 475 4112 et
487 4057 639 4115 benedicta
651 4057 774 4115 feminas
786 4058 865 4116 inter
878 4077 977 4117 omnes
990 4059 1121 4135 paritura

232 4131 351 4208 Regem,
367 4136 419 4211 qui
431 4135 495 4194 dira
507 4136 609 4195 mortis
622 4138 739 4196 vincula

230 4212 411 4272 Damnabit*
424 4217 578 4275 miraeum
590 4219 732 4295 potentia,
746 4238 832 4278 suum
848 4219 959 4298 plasma
971 4221 1085 4281 solvens
1098 4225 1201 4299 sponte
1214 4237 1275 4291 sua,

229 4292 330 4370 Atque
343 4295 457 4356 beamm
470 4298 581 4358 donans
593 4299 694 4358 vitam

622 4418 634 4445 ³
650 4417 720 4467 MSS.
731 4421 778 4468 aad
788 4421 1011 4471 Edit-Damnavit
