2946 5002
205 348 267 410 104
635 343 729 408 Festa
749 342 952 428 Septembris,

267 510 291 568 0
313 510 455 568 arteriace.

264 509 396 667 Ploeege,
411 589 545 663 Domine,
560 589 674 666 plebem
686 595 769 647 tuam
781 609 834 666 per
846 588 960 666 lignum
972 594 1079 647 sanctae
1092 588 1186 645 crucis
1199 590 1238 645 ab
1251 588 1385 647 omnibus

203 671 318 728 insidiis
334 671 520 728 inimicorum
537 671 676 742 omnium,
691 675 725 728 ut
741 671 798 728 tibi
818 677 932 746 gratam
954 669 1142 729 exhibeamus
1162 669 1337 727 servitutem
1355 675 1386 728 et

203 750 377 828 acceptabile
389 750 446 809 tibi
459 751 511 809 fiat
524 751 696 809 sacrificium
709 757 851 823 nostrum,
866 750 999 826 alleluya.

267 831 384 890 Secreta.

266 912 403 983 Devotas,
420 912 553 983 Domine,
567 912 743 969 humilitatis
764 915 871 969 nostrae
892 930 989 987 preces
1006 917 1036 968 et
1052 911 1162 968 hostias
1182 911 1386 968 misericordia

206 998 266 1049 tuae
284 993 425 1068 praecedat
443 993 595 1062 auxilium,
609 999 639 1050 et
655 992 780 1049 salutem
800 1011 889 1067 quam
909 1011 962 1068 per
978 992 1076 1049 Adam
1097 993 1130 1048 in
1151 991 1287 1049 Paradisi
1308 993 1388 1068 ligno

209 1074 351 1130 clauserat
365 1073 519 1130 temeraria
525 1073 722 1149 praesumptio,
733 1073 807 1150 ligni
817 1073 987 1131 crucisfides
1000 1073 1119 1148 aperiat.
1148 1072 1208 1130 Per
1218 1073 1390 1130 Dominum.

268 1151 338 1209 Alta
351 1153 469 1210 Secreta.

266 1233 387 1305 Adesto,
403 1234 538 1305 Domine,
553 1233 810 1309 supplicationibus
823 1235 929 1290 nostris
943 1253 1015 1309 quas
1031 1233 1064 1290 in
1081 1238 1249 1290 sanctorum
1270 1239 1390 1291 tuorum

208 1313 337 1372 Cornelii
350 1318 379 1370 et
394 1313 533 1389 Cypriani
547 1313 817 1371 commemoratione
834 1314 999 1386 deferimus,
1012 1320 1048 1370 ut
1067 1314 1120 1390 qui
1139 1320 1247 1375 nostrae
1263 1313 1390 1389 justitiae

207 1394 343 1451 fiduciam
356 1413 415 1450 non
431 1394 579 1466 habemus,
594 1414 694 1452 eorum
712 1395 763 1470 qui
780 1395 837 1452 tibi
857 1395 1030 1471 placuerunt
1051 1395 1185 1470 precibus
1206 1394 1390 1470 adjuvemur.

210 1474 269 1531 Per
289 1474 457 1531 Dominum.

268 1552 415 1629 Proefate'o.
458 1554 517 1624 Qui
536 1556 667 1613 salutem.

269 1633 448 1693 Communis.

268 1714 326 1772 Per
339 1716 452 1791 lignum
464 1716 541 1773 servi
553 1717 624 1773 facti
637 1736 744 1788 sumus,
759 1722 790 1774 et
802 1735 854 1792 per
867 1722 999 1775 sanctam
1014 1736 1128 1774 crucem
1141 1716 1260 1774 liberati
1273 1735 1395 1776 sumus:

208 1795 321 1853 fructus
334 1797 444 1854 arboris
458 1797 575 1854 seduxit
587 1817 640 1854 nos
653 1819 659 1854 :
674 1797 767 1855 Filius
781 1798 839 1855 Dei
851 1799 975 1856 redemit
989 1816 1051 1870 nos,
1067 1797 1201 1874 alleluya.

269 1887 506 1946 Posteemmaneb.

269 1968 448 2041 Quaesumus,
463 1971 646 2046 omnipotens
667 1971 756 2043 Deus,
771 1977 807 2027 ut
828 1990 900 2047 quos
922 1970 1024 2028 divina
1044 1970 1149 2026 tribuis
1169 1970 1396 2046 participatione

207 2049 341 2126 gaudere,
356 2050 492 2108 humanis
505 2069 564 2106 non
578 2051 656 2108 sinas
669 2050 818 2127 subjacere
830 2052 974 2128 periculis.
1016 2051 1075 2108 Per
1088 2051 1257 2108 Dominum.

267 2128 338 2186 Alto
350 2130 590 2189 Poatcommeae'c.

269 2209 448 2282 Quaesumus,
464 2211 598 2285 Domine,
613 2212 788 2271 salutaribus
801 2213 906 2288 repleti
918 2212 1073 2287 mysteriis,
1088 2217 1123 2268 ut
1144 2230 1270 2288 quorum
1283 2211 1395 2269 sollem-

207 2289 258 2348 nia
272 2291 456 2363 celebramus,
472 2311 573 2350 eorum
587 2292 768 2350 orationibus
781 2294 961 2369 adjuvemur.
1004 2292 1062 2349 Per
1076 2292 1245 2351 Dominum

445 2558 502 2617 *In
523 2559 654 2617 Ocravrs
674 2557 875 2615 Namvrrnrrs
896 2571 1000 2613 asara
1020 2553 1143 2610 Maera

272 2712 410 2788 officiare.
453 2711 647 2781 Gaudeamus,
669 2718 695 2769 et
717 2719 822 2780 cetera,
849 2710 925 2767 sicet
946 2708 980 2766 e're
993 2707 1048 2779 die,
1064 2726 1140 2764 orere
1154 2704 1303 2782 Simplicis
1316 2700 1401 2766 Feret

211 2812 309 2853 novera
323 2794 489 2852 Lectionum
502 2813 567 2850 cara
582 2791 684 2849 Oredo.

270 2886 414 2944 Mentoris
427 2887 461 2943 de
474 2894 571 2943 coacto
584 2884 745 2942 Nirorrrede.
789 2882 897 2941 Oratio.

270 2967 391 3038 Adesto,
407 2966 540 3038 Domine,
558 2966 666 3042 populo
680 2976 741 3035 tuo,
755 2970 789 3022 ut
803 2963 883 3022 beati
897 2961 1067 3020 Nicomedis
1080 2960 1219 3035 martyris
1232 2960 1278 3016 tui
1292 2960 1398 3017 merita

211 3048 349 3125 praeolara
370 3047 537 3123 suscipiens,
550 3047 588 3104 ad
609 3047 827 3122 impetrandum
848 3044 1077 3102 misericordiam
1100 3049 1182 3099 tuam
1203 3060 1316 3117 semper
1336 3042 1402 3118 ejus

211 3128 381 3206 patrociniis
394 3127 556 3203 adjuretur.
599 3127 657 3184 Per
671 3128 839 3185 Dominum.

272 3219 390 3279 Secreta.

272 3301 400 3377 Suscipe,
417 3301 551 3371 Domine,
565 3321 688 3358 munera
701 3300 846 3377 propitius
859 3300 967 3369 oblata,
983 3317 1047 3373 quae
1070 3295 1219 3372 majestati
1239 3300 1299 3352 tuce
1321 3295 1400 3353 beati

211 3382 381 3440 Nicomedis
394 3381 531 3457 martyris
544 3382 590 3438 tui
604 3382 787 3440 commendet
800 3381 901 3439 oratio.
943 3379 1002 3436 Per
1015 3378 1184 3435 Dominum.

273 3475 509 3628 difficilitas
526 3555 662 3627 Domine,
678 3560 859 3612 sacramenta
872 3574 937 3630 quae
958 3553 1143 3628 sumpsimuS,
1158 3557 1189 3607 et
1202 3549 1402 3607 intercedente

211 3638 297 3694 beato
319 3637 480 3694 Nicomede
501 3643 631 3711 martyre
653 3643 714 3707 tuo,
737 3656 755 3693 a
773 3636 886 3692 cunctis
912 3653 966 3692 nos
987 3633 1114 3690 efficiant
1135 3631 1218 3688 vitiis
1244 3630 1400 3688 absolutos

213 3716 279 3776 Per,

332 3899 515 3958 Sarcronum
536 3914 706 3957 uramur
725 3898 886 3970 Eussnrn,
907 3897 1022 3968 Luc1n,
1044 3912 1081 3952 ar
1101 3893 1281 3952 Gnnrrrsrr.

682 3990 756 4070 (xri
771 3990 841 4048 Kal.
858 3988 936 4067 Oet)

274 4123 414 4199 Officium.
456 4123 554 4181 Intret
567 4123 600 4179 in
614 4129 777 4199 conspectu

274 4216 467 4373 grnidlopotens
489 4297 665 4372 sempiterne
687 4296 777 4368 Deus,
800 4296 853 4372 qui
878 4295 996 4352 infirma
1016 4292 1121 4352 mundi
1144 4290 1236 4368 eligis,
1259 4294 1295 4346 ut
1316 4288 1407 4347 fortia

213 4395 336 4454 quaeque
355 4377 523 4450 confimdas,
546 4379 669 4435 concede
688 4377 842 4454 propitius,
860 4381 896 4433 ut
915 4377 968 4451 qui
987 4376 1080 4432 beatae
1102 4371 1244 4430 Eufemiae
1265 4369 1407 4447 martyris

212 4462 273 4516 tuae
286 4458 437 4518 sollemnia
450 4458 580 4532 colimus,
594 4460 658 4535 ejus
671 4458 750 4536 apud
763 4465 793 4516 te
807 4457 970 4536 patrocinia
983 4455 1151 4513 sentiamus.
1194 4451 1259 4510 Per,
