2946 5002
704 380 826 446 Prosae.

167 545 199 602 N
199 564 215 603 e
228 565 344 622 paveas,
359 545 461 605 divina
474 546 545 624 quia
557 546 639 624 prole
652 546 797 606 laetaberis
811 542 841 605 t'c
855 547 918 606 sore
930 545 1082 624 gravidam
1096 567 1102 605 :

168 627 355 703 Quapropter
367 633 398 685 et
411 634 446 686 tu
460 628 522 686 sola
535 628 614 686 inter
627 635 748 686 cunctas
757 628 896 686 mulieres
909 634 1005 686 mater
1016 627 1180 686 benedicta.

169 706 297 784 Magnus
317 708 366 766 hic
385 709 444 766 erit
462 709 485 767 J
486 728 552 767 esus
572 709 667 766 Filius
688 709 803 767 Summi
825 709 858 766 in
871 709 973 767 throni
986 709 1111 768 Davidia
1124 707 1226 785 gloria,
1240 714 1271 765 et
1282 707 1367 784 regni
1456 774 1459 783 Ι

247 794 327 846 meta
340 788 432 866 ipsius
445 809 505 847 non
519 790 577 847 erit
589 789 697 866 aliqua.

169 868 243 926 Mox
257 869 295 926 ad
307 868 369 927 haec
383 870 463 928 dicta
475 889 582 946 parans
599 870 718 928 credula
735 871 823 928 corda
840 871 969 948 concipis
987 870 1150 929 Dominum
1162 869 1306 928 Sabaoth:
1324 869 1366 927 sic

246 949 382 1008 Verbum
396 970 462 1008 caro
475 951 587 1009 sactum
600 958 695 1009 estex
708 957 748 1024 tc,
761 952 846 1027 virgo
859 971 949 1010 sacra.

167 1031 208 1086 Te
222 1049 290 1107 ergo
303 1031 438 1108 petimus,
453 1032 552 1108 ipsum
565 1051 617 1109 pro
630 1032 716 1090 nobis
729 1033 834 1109 rogita,

168 1111 270 1169 Salvet
282 1118 318 1169 ut
330 1131 385 1170 nos
394 1133 447 1189 per
460 1113 560 1171 omnia
573 1113 686 1174 eaeeula.

690 1319 855 1381 XXXIII.

315 1449 411 1509 Proca
424 1450 465 1508 ad
476 1449 632 1526 Sequentia
645 1467 687 1508 ne
700 1467 813 1510 seuero
828 1449 1002 1530 (cremae,
1019 1450 1218 1530 Pamsmusr).

342 1579 485 1657 Alleluya
494 1581 536 1638 ad
547 1581 698 1659 Angelica

288 1677 434 1736 (launum
447 1695 555 1738 coucro
569 1696 665 1738 nanos
678 1697 834 1738 concanae

286 1759 449 1817 Tinnulum
457 1761 587 1837 jungens
600 1780 716 1837 organo.

287 1840 468 1898 Germanum
481 1841 626 1899 resultent
637 1848 733 1900 castra
745 1842 860 1918 liquida
872 1862 977 1900 seuera
990 1840 1171 1918 symphonia,

285 1921 421 1979 Artificis
434 1921 545 1998 plectro
558 1922 654 1998 perita
666 1923 846 1999 syllabarum
860 1924 1005 1999 stringere
1017 1928 1184 1998 pneumata.

286 2001 431 2059 Fluxerat
446 2002 595 2079 quondam
608 2023 695 2080 sopor
707 2004 845 2062 immanis
858 2004 991 2081 presulis
1003 2003 1079 2061 fessa
1091 2023 1144 2079 per
1156 2004 1288 2060 membra
1300 2025 1307 2060 ε

287 2083 344 2140 Oui
357 2084 490 2158 praebens
503 2103 584 2141 sacra
598 2084 734 2142 Christus
747 2085 856 2142 viatica
869 2085 975 2142 intulit
987 2090 1072 2162 grata
1084 2084 1202 2142 famina

287 2162 362 2221 (lare
382 2164 453 2240 qnid
474 2164 611 2222 haesitasl
624 2184 685 2222 non
702 2172 748 2224 est
761 2166 840 2242 qued
853 2173 978 2238 metuas,
995 2164 1110 2223 dulcem
1127 2184 1197 2223 mox
1218 2165 1365 2241 petiturus

366 2245 501 2320 patriam.

287 2323 329 2382 Te
341 2331 468 2401 poscunt
480 2325 576 2383 sidera
589 2326 683 2384 civem
697 2328 734 2384 ad
747 2347 861 2404 supera,
877 2347 937 2404 qua
949 2332 1072 2384 manent
1086 2326 1149 2384 sine
1163 2327 1222 2384 fine
1235 2326 1349 2402 gaudia.

287 2405 369 2462 Diva
378 2407 492 2464 monita
504 2425 601 2464 comes
614 2408 734 2484 excipit,
751 2409 922 2486 aegrimonia
934 2407 1067 2465 membra
1080 2426 1202 2483 carpens
1216 2407 1362 2484 languida.

287 2485 346 2543 Die
359 2487 485 2563 septima
497 2507 602 2564 supera
616 2489 671 2547 celi
684 2508 808 2565 sequens
821 2509 953 2547 convexa
966 2488 1039 2546 felix
1052 2486 1169 2545 scandit
1182 2489 1289 2546 anima.

286 2565 435 2625 Plaudens
449 2567 546 2626 Gallia
558 2568 648 2627 funus
661 2571 781 2646 excipit,
793 2590 827 2628 ac
840 2570 953 2646 inclyta
966 2575 1064 2627 servat
1077 2570 1110 2625 in
1123 2568 1204 2626 aula:

287 2645 380 2724 Cujus
393 2668 446 2725 per
459 2668 548 2721 sacra,
565 2649 691 2724 Christe,
706 2651 846 2728 suffragia
858 2658 960 2708 nostra
972 2649 1105 2727 guberna
1118 2655 1259 2726 tempora.

287 2728 387 2787 Amen
400 2729 501 2787 dicant
514 2731 619 2789 omnia

688 2927 847 2988 XXXIV.

469 3057 518 3115 Dr
538 3074 672 3118 ouureus
693 3059 821 3118 Snucrrs
834 3057 911 3136 (ed)
924 3057 1063 3116 Pretiosa.

227 3180 375 3256 Alleluya.

170 3276 300 3335 Gaunnr
313 3294 449 3336 maurus
464 3277 610 3337 Dcnruus
622 3296 709 3354 super
722 3277 840 3353 agmina
853 3295 941 3335 saera

169 3357 294 3430 Christe,
309 3364 362 3416 tua
374 3359 492 3435 agmina
500 3359 632 3436 jubilant
645 3377 716 3415 voce
729 3359 808 3415 clara

168 3438 292 3512 Laudes,
307 3458 360 3516 per
372 3459 451 3512 arva,
465 3445 585 3516 propter
597 3459 669 3516 quaa
679 3438 777 3496 caelica
789 3438 909 3495 valeant
921 3436 1054 3495 obtinere
1067 3435 1189 3514 gaudia:

169 3519 280 3577 Laudis
292 3520 373 3578 enim
386 3540 453 3579 cum
472 3521 565 3598 gloria
650 3551 651 3554 ¹

167 3600 189 3658 J
189 3620 238 3658 am
255 3595 334 3658 nune
347 3601 487 3659 intonant
500 3600 646 3678 praeconia
659 3605 827 3658 sanctorum
837 3598 962 3676 agmina.

165 3681 259 3740 Astra
277 3701 365 3759 super
378 3689 409 3740 et
422 3701 495 3740 arva
507 3683 595 3753 infra,
610 3688 741 3758 sataque,
756 3700 871 3739 necnon
884 3680 946 3738 alta
958 3680 1049 3737 maris
1062 3676 1231 3735 habitacula

167 3763 506 3840 Jugiterextantdigne
847 3792 849 3796 ·
1039 3837 1042 3843 Ι

167 3843 321 3902 Christum
334 3844 486 3902 dominum
500 3843 653 3903 laudantia
662 3862 716 3920 per
729 3841 836 3900 saecula
848 3841 964 3899 omnia:

167 3924 234 3994 Qua
247 3925 311 3983 sine
323 3925 382 3983 fine
395 3932 481 4002 parat
495 3925 604 3982 sanctis
617 3925 699 3982 sedes
712 3924 812 3994 almas,
827 3930 929 3979 nostra
942 3927 1061 3979 caterva
1073 3920 1122 3978 oui
1135 3919 1232 3977 reddit
1244 3919 1363 3995 gratias.

166 4005 246 4083 Ergo
260 4005 330 4064 fidei
342 4025 414 4063 vera
427 4025 531 4063 norma
544 4005 700 4063 antecedat
713 4024 747 4062 ac
760 4009 979 4078 consequantur
992 4001 1148 4077 Olympico
1159 4000 1275 4072 studia3

167 4086 226 4145 Per
238 4106 304 4163 quae
323 4087 400 4162 regis
419 4085 565 4162 angelici*
583 4086 779 4162 percipiamus
798 4083 945 4159 suffragia,
960 4102 1014 4140 nec
1027 4082 1144 4139 differat
1164 4081 1266 4158 largiri
1281 4081 1366 4138 nobis

248 4167 482 4244 impensissima†
496 4165 653 4224 clementia

169 4248 265 4306 Nobis
279 4247 459 4325 angelicam·
469 4248 582 4304 vitam:

167 4329 260 4405 Cujus
286 4348 368 4386 sacra
393 4327 520 4386 nrtilant
547 4328 632 4400 dona,
658 4326 764 4403 queis‡
791 4330 909 4383 aeternae
936 4325 1006 4383 vitae
1030 4321 1237 4400 consequimur
1259 4342 1365 4401 magna

249 4429 378 4484 praemra.

256 4525 269 4548 ¹
284 4523 481 4580 IIS.-angelica
655 4519 917 4582 tlIS.-Impenaima.
1102 4520 1115 4581 ss
1130 4519 1276 4581 MS.-quia
