2946 5002
631 323 727 388 Festa
747 322 865 389 Jartii.
1305 328 1345 390 55

205 486 336 546 Iaitierm
348 489 444 547 sancti
456 489 617 564 Eearrpelii.
661 490 829 548 Secundam
842 489 956 549 Bucam
968 491 1008 567 (i.
1032 490 1127 569 5-17)

206 569 278 626 Fuit
298 570 332 626 in
352 570 454 628 diebus
475 570 604 627 Herodis
625 571 701 648 regis
714 592 804 646 aeque
822 572 863 630 ad
881 592 985 648 parare
1002 572 1132 630 Domino
1146 572 1261 650 plebem
1280 592 1342 648 per-

146 649 262 709 fectam.
750 665 752 668 '

207 731 400 806 Offertorirm.
444 731 547 789 Gloria
560 738 590 788 et
604 732 720 789 honore.

206 811 347 870 Secreta*

206 893 342 964 Munera,
357 907 532 970 quaesumus,
548 892 684 968 Domine,
699 894 799 952 oblata
819 895 979 968 sanctifica,
993 901 1024 953 et
1041 895 1242 953 intercedente
1255 897 1342 954 beato

146 973 168 1033 J
168 974 284 1031 ohanne
295 975 441 1050 Baptista,
453 994 508 1032 nos
521 994 574 1051 per
586 975 647 1032 haec
657 995 675 1032 a
688 982 875 1052 peccatorum
889 983 1056 1036 nostrorum
1070 977 1193 1034 maculis
1206 976 1340 1034 emunda

147 1055 205 1113 Per
218 1056 388 1113 Dominum.

206 1134 385 1195 Oommaaio.
429 1135 541 1213 Magna
554 1142 606 1193 est.

205 1217 447 1275 Poetcommaaio.

204 1298 292 1355 Beati
302 1298 324 1356 J
325 1298 449 1355 ohannis
461 1297 604 1374 Baptistae
617 1316 680 1369 noe,
693 1318 868 1375 quaesumus,
880 1299 1017 1371 Domine,
1033 1300 1172 1376 praeclara
1185 1300 1344 1357 comitetur

145 1379 238 1436 oratio
248 1399 257 1451 3
281 1386 422 1455 atquem
445 1385 606 1435 venturum
629 1398 690 1436 esse
710 1380 857 1455 praedixit,
878 1387 977 1457 poscat
1000 1382 1085 1438 nobis
1105 1381 1167 1437 fore
1182 1380 1341 1456 placatum,

145 1460 307 1518 Dominum
321 1467 456 1518 nostrum
469 1460 491 1518 J
493 1479 574 1517 esum
590 1459 742 1517 Christum
756 1461 868 1518 Filium
881 1469 975 1520 tuum.
1019 1462 1080 1531 Qui
1092 1467 1198 1519 tecum.

358 1692 460 1750 Irrue
480 1692 622 1750 Ocravas
643 1708 748 1751 cauom
769 1694 927 1751 Jouaums
949 1693 1113 1750 Barmsra

202 1830 268 1888 Ista
281 1829 378 1887 Missa
390 1830 552 1905 subscripta
561 1829 680 1887 dicatur
692 1829 777 1905 infra
789 1830 910 1888 Oetaeae
923 1831 1017 1888 eaacti
1029 1830 1056 1886 J
1054 1831 1179 1888 chamaio
1189 1831 1339 1907 Baptistae,

142 1932 208 1971 cam
222 1912 257 1968 de
271 1921 369 1969 sanato
383 1911 501 1968 canitur
514 1911 657 1980 Jolramte,
673 1911 839 1968 alternatim
858 1933 924 1968 cum
942 1911 1034 1968 altera
1048 1912 1151 1982 Micca,
1167 1912 1213 1969 De
1227 1919 1339 1971 ventre.

202 1992 252 2049 Ad
268 1993 443 2067 praedictam
457 1992 590 2049 Mieeam.
633 1991 773 2066 Officium.
816 1992 922 2050 Justus
936 2000 971 2049 ut
984 1993 1088 2069 palma.

205 2074 313 2131 Oratia

203 2153 344 2225 Concede,
373 2173 549 2229 quaesumus,
572 2153 757 2229 omnipotens
771 2154 861 2226 Deus,
877 2160 912 2210 ut
932 2154 984 2230 qui
1004 2154 1083 2211 beati
1099 2153 1247 2212 Johannis
1265 2154 1341 2232 Bap

141 2234 219 2293 tistae
234 2234 388 2291 sollemnia
402 2235 533 2306 colimus,
545 2236 608 2310 ejus
622 2235 701 2310 apud
714 2240 745 2291 te
758 2235 1016 2292 intercessionibus
1030 2235 1208 2292 muniamur.
1250 2234 1317 2293 Per.

201 2315 298 2373 Lectio
313 2316 468 2372 Hieremia
481 2316 631 2391 Propheta
640 2316 679 2391 (i.
699 2315 815 2391 17-19).

202 2396 242 2452 In
256 2396 358 2454 diebus
375 2396 443 2462 illis,
458 2397 584 2453 Factum
598 2402 643 2454 est
656 2397 780 2455 verbum
795 2397 919 2454 Domini
932 2417 1021 2472 aeque
1032 2399 1072 2455 ad
1085 2403 1183 2454 tecum
1198 2417 1252 2474 ego
1265 2415 1339 2470 sum,

140 2477 184 2536 eit
203 2477 359 2549 Dominus,
374 2483 409 2534 ut
423 2477 545 2535 liberem
558 2483 597 2534 te.

203 2556 337 2616 Gratata
380 2557 487 2615 Justus
500 2566 535 2615 ut
549 2559 654 2635 palma.

202 2639 351 2714 Alleluya.
401 2639 429 2696 V.
453 2639 508 2711 Tu,
520 2659 601 2715 puer,
617 2649 651 2697 at
664 2660 756 2715 cupra
769 2641 803 2696 im
818 2640 932 2714 thttta,
947 2642 996 2698 ced
1008 2640 1070 2698 circe
1083 2639 1248 2714 Sequentia.

199 2719 368 2778 Secundam
381 2720 494 2778 Lucam
505 2721 541 2795 (i.
561 2721 676 2798 18-25).

201 2800 241 2857 In
254 2801 306 2857 illo
320 2807 460 2877 tempore,
476 2801 565 2858 Dixit
579 2801 735 2859 Zacharias
748 2801 785 2859 ad
799 2801 954 2879 angelum:
975 2802 1066 2860 Unde
1078 2800 1134 2859 hoc
1147 2801 1236 2860 sciam
1250 2821 1340 2877 aeque

137 2881 180 2938 ad
193 2882 385 2956 opprobrium
398 2902 497 2939 meum
511 2883 591 2939 inter
603 2882 744 2942 homines.

202 2962 394 3036 Offertoriam.
438 2963 478 3019 In
492 2964 605 3021 virtute
618 2969 678 3022 tua.

166 3055 169 3062 '
200 3043 321 3101 Secreta.

199 3123 334 3192 Munera,
349 3143 523 3199 quaesumus,
540 3125 676 3197 Domine,
692 3126 792 3183 oblata
812 3126 970 3195 sanctifica,
984 3132 1015 3182 et
1035 3125 1236 3183 intercedente
1250 3125 1337 3182 beato

136 3205 159 3265 J
160 3205 276 3263 ohanne
292 3205 435 3281 Baptista,
446 3226 499 3263 nos
513 3226 566 3282 per
576 3206 666 3264 haeca
680 3212 866 3282 peccatorum
880 3213 1048 3263 nostrorum
1063 3206 1186 3263 maculis
1199 3205 1336 3263 emunda.

200 3285 381 3346 Oommaaio.
425 3286 566 3357 Posuisti,
582 3288 718 3344 Domine.

199 3367 441 3425 Postcommrmia

199 3447 320 3519 Praesta,
350 3468 526 3524 quaesumus,
554 3449 740 3525 omnipotens
768 3448 859 3520 Deus,
887 3455 922 3505 ut
956 3447 1008 3524 qui
1042 3448 1168 3505 caelestia
1195 3446 1336 3503 alimenta

137 3530 330 3605 percepimus,
344 3530 545 3587 intercedente
559 3530 647 3588 beato
667 3529 805 3588 <iohanne
819 3529 964 3606 Baptista,
979 3549 1031 3606 per
1048 3529 1109 3586 haee
1123 3534 1227 3586 contra
1240 3526 1339 3584 omnia

137 3609 261 3667 adversa
274 3610 451 3667 muniamur.
495 3610 561 3667 Per.

319 3825 359 3881 Iu
379 3842 433 3881 nm
454 3824 657 3882 Namvrrams
679 3841 786 3882 sarem
806 3825 976 3894 terramus,
999 3837 1157 3880 euertere.

200 3955 340 4031 Officium.

197 4038 244 4095 De
257 4043 361 4095 ventre
384 4039 489 4095 matris
502 4058 574 4095 meae
595 4038 712 4095 vocavit
726 4058 773 4095 me
788 4038 934 4095 Dominus
949 4038 1068 4094 nomine
1082 4057 1146 4094 meo
1160 4059 1166 4094 :
1195 4043 1225 4094 et
1238 4040 1338 4114 posuit

136 4137 169 4175 os
182 4139 282 4175 meum
296 4125 330 4176 ut
344 4119 476 4194 gladium
489 4126 610 4177 acutum
624 4139 629 4175 :
651 4119 706 4175 sub
726 4124 897 4195 tegumento
917 4137 1022 4175 manus
1042 4138 1102 4175 suae
1122 4119 1255 4195 protexit
1267 4139 1315 4178 me
1329 4143 1335 4180 z

136 4201 237 4277 posuit
250 4219 297 4256 me
311 4201 395 4275 quasi
410 4201 549 4277 sagittam
563 4199 696 4256 electam.

197 4347 210 4369 ⁴*
226 4346 279 4391 MS.
291 4345 397 4403 D.-Da,
405 4358 550 4403 quaesumus,
559 4343 710 4399 omnipotens
720 4343 792 4396 Deus.
801 4348 829 4388 ut
839 4343 902 4388 sicut
912 4342 995 4386 beatus
1000 4341 1016 4386 J
1018 4341 1124 4388 ohannes
1130 4344 1242 4401 astruxit,
1248 4345 1336 4404 Agnus

135 4405 297 4508 llilguilliiinim
313 4405 471 4463 presentibus
488 4403 612 4462 mysteriis
624 4401 758 4447 declaratus
767 4406 812 4458 est,
828 4403 925 4461 peccata
934 4403 1018 4444 nostra
1034 4415 1127 4460 semper
1140 4403 1257 4448 emundet.
1290 4405 1337 4450 Per
