2946 5002
214 371 276 433 130
647 361 742 428 Festa
764 359 966 426 Novembris.

271 527 530 590 romorantes*

271 611 408 688 Corporis
434 609 508 668 sacri
535 613 565 666 et
591 607 714 684 pretiosi
740 607 890 683 sanguinis
920 605 1025 682 repleti
1051 603 1199 678 libamine,
1228 623 1402 681 quaesumus,

212 692 339 751 Domine
353 691 434 749 Deus
447 695 555 761 noster,
570 695 606 746 ut
619 688 697 765 quod
714 688 765 764 pia
781 688 934 746 devotione
954 685 1090 764 gerimus,
1105 691 1185 744 certa
1204 685 1403 763 redemptione

212 773 367 851 capiamus.
410 771 468 828 Per
482 769 652 828 Dominum.

270 864 341 922 Alia
354 863 593 923 Postoomraaaio.

271 945 422 1022 Supplices
442 950 473 1002 te
494 962 638 1020 rogamus,
660 942 844 1018 omnipotens
865 941 955 1014 Deus,
974 945 1009 997 ut
1025 940 1277 999 intercedentibus
1298 940 1404 998 sanctis

211 1026 279 1099 tuis,
293 1033 324 1085 et
337 1033 390 1084 tua
402 1025 435 1082 in
448 1025 533 1083 nobis
546 1023 622 1082 dona
635 1023 813 1100 multiplices
826 1027 856 1080 et
869 1027 1001 1099 tempora
1014 1027 1115 1079 nostra
1127 1021 1273 1096 disponas.
1318 1021 1382 1080 Per.

355 1311 358 1318 ,
396 1258 508 1316 Ssuorr
529 1255 735 1326 Onsrsooom,
758 1271 920 1314 marmus.
965 1256 1036 1330 (viii.
1053 1256 1122 1315 Kal.
1138 1255 1223 1334 Deo.)

273 1388 412 1463 Officium.
455 1385 627 1444 Laetabitur.

273 1468 381 1527 Oratio.

270 1549 385 1607 Adesto
399 1546 659 1623 supplicationibus
673 1546 789 1619 nostris,
804 1551 839 1603 ut
852 1546 905 1623 qui
918 1566 956 1604 ex
972 1547 1130 1624 iniquitate
1147 1553 1248 1606 nostra
1267 1567 1332 1607 reos
1351 1570 1404 1608 nos

211 1648 271 1688 esse
284 1628 491 1706 cognoscimus,
505 1627 586 1685 beati
600 1626 783 1703 Chrysogoni
795 1627 935 1703 martyris
949 1629 996 1685 tui
1009 1628 1214 1687 intercessione
1234 1629 1400 1690 liberemur.

213 1710 277 1769 Per.

269 1789 409 1866 Epistola.
451 1787 560 1846 Beatus
573 1787 628 1858 vir,
643 1787 697 1864 qui
708 1787 848 1846 inventus
863 1794 914 1846 ast.

271 1871 405 1928 Gradala.
448 1869 470 1927 J
471 1874 554 1926 ustus
567 1887 627 1925 non
641 1868 871 1927 conturbabitur.

270 1951 417 2026 Alleluya.
466 1949 496 2007 V.
517 1948 624 2006 Justus
636 1954 672 2005 ut
684 1948 788 2024 palma.

270 2031 470 2106 Evangeliam.
513 2029 581 2086 Nisi
594 2048 719 2106 granum
731 2029 880 2087 frumenti

272 2111 463 2187 Offartorc'am.
506 2109 608 2168 Gloria
621 2109 781 2168 ethonore.

270 2191 412 2257 Sacrata.†

270 2271 394 2343 Oblatis,
423 2289 598 2347 quaesumus,
628 2270 764 2342 Domine,
791 2271 905 2347 placare
936 2270 1115 2343 muneribus,
1143 2277 1174 2329 et
1202 2271 1402 2330 intercedente

210 2355 296 2411 beato
318 2352 506 2428 Chrysogono
529 2356 658 2427 martyre
680 2357 741 2424 tuo,
764 2371 782 2408 a
796 2351 917 2409 cunctis
940 2371 993 2410 nos
1016 2352 1137 2410 defende
1158 2352 1302 2430 periculis.
1345 2353 1403 2410 Per

211 2434 373 2492 Dominum
387 2438 528 2491 nostrum.

271 2513 452 2574 Camarata.
495 2512 632 2570 Posuisti

270 2593 511 2679 Postconsroaaio.

270 2675 336 2748 Tui,
352 2674 488 2745 Domine,
500 2674 685 2750 perceptione
698 2673 872 2730 sacramenti
890 2679 920 2730 et
934 2693 952 2730 a
964 2674 1072 2732 nostris
1085 2674 1261 2733 mundemur
1281 2675 1401 2734 occultis

210 2761 239 2813 et
252 2757 290 2813 ab
302 2756 432 2813 hostium
444 2754 603 2811 liberemur
618 2753 739 2817 insidiis.
782 2753 840 2811 Per
853 2754 1023 2815 Dominum.

397 2980 523 3038 Serena
544 2979 752 3051 Karusmruu,
773 2996 916 3039 vmamrs.
961 2980 1023 3060 (vii.
1040 2980 1110 3039 Kal.
1127 2981 1211 3059 Dec.)

271 3110 410 3185 Officium.
453 3110 608 3186 Loquebar
622 3110 709 3167 dete.
804 3180 806 3185 .

271 3191 380 3250 Oratio.

269 3272 359 3343 Deus,
385 3272 438 3348 qui
460 3271 567 3329 dedisti
588 3271 682 3348 legem
705 3270 805 3347 Moysi
825 3271 857 3328 in
880 3271 1050 3328 summitate
1072 3271 1181 3330 montis
1202 3271 1293 3345 Sinai,
1314 3279 1345 3331 et
1367 3275 1398 3330 in

210 3353 310 3411 eodem
323 3353 386 3410 loco
398 3371 450 3428 per
464 3353 580 3427 angelos
593 3357 660 3409 tuos
670 3370 774 3428 eorpus
784 3353 876 3409 beata
887 3351 1072 3422 Katharinae,
1082 3352 1206 3428 virginis
1216 3359 1247 3410 et
1259 3355 1398 3431 martyris

209 3441 277 3504 tuae,
290 3433 465 3491 mirabiliter
484 3433 631 3490 collocasti
641 3453 650 3504 ;
673 3433 778 3503 tribue,
794 3452 967 3509 quaesumus,
986 3439 1021 3490 ut
1041 3434 1103 3509 ejus
1125 3433 1238 3491 meritis
1261 3440 1291 3491 et
1310 3435 1397 3493 inter-

209 3515 335 3572 cessione
348 3514 385 3571 ad
399 3518 536 3584 montem,
551 3513 602 3589 qui
616 3512 751 3571 Christus
764 3518 817 3584 est,
832 3513 980 3572 valeamus
993 3513 1152 3590 pervenire
1189 3513 1249 3583 Qui
1261 3520 1366 3574 tecum.

268 3594 408 3671 Epistol.
452 3592 512 3662 Qui
524 3592 674 3669 gloriatur.

268 3674 402 3733 Gradala
445 3673 546 3749 Specie
558 3678 618 3731 tua.

267 3755 415 3831 Alleluya.
462 3754 492 3813 V.
514 3753 660 3811 AEmulor.

266 3847 428 3923 Sequentia.
472 3843 683 3925 [Exsultemua
697 3845 742 3904 ael
752 3845 924 3906 ista—MS.
941 3845 989 3928 0.]

527 3937 605 3996 Odas
618 3939 651 3996 in
663 3938 719 3995 hac
731 3937 778 3997 die
791 3939 874 3997 laetas

527 4018 644 4076 Christo
657 4029 743 4076 canat
756 4020 851 4077 omnis
864 4025 935 4078 retas

567 4097 668 4172 Corde,
683 4118 762 4173 voce,
777 4100 902 4160 fidibus:

265 4247 278 4272 '
293 4245 346 4292 MS.
362 4245 553 4292 D.—Pun'deent
571 4257 623 4300 nos,
643 4241 752 4301 Domino,
768 4259 915 4304 quaesumus,
933 4250 958 4293 et
976 4245 1054 4292 divini
1072 4246 1193 4352 perceptio
1212 4249 1354 4296 sanusne
1372 4250 1395 4295 et

207 4305 309 4363 gloriosa
318 4304 451 4365 deprecatio
461 4305 524 4350 beati
534 4303 664 4350 Clementis
672 4303 785 4362 martyris
795 4305 832 4350 tui
841 4308 914 4364 atque
923 4305 1048 4365 pontificis.
1080 4305 1127 4350 Per
1161 4306 1275 4352 ominum.

265 4364 344 4424 †Ms.
361 4364 523 4410 D.-Munera
543 4366 632 4420 nostre,
652 4375 798 4420 quesumus,
817 4363 928 4421 Domine,
944 4377 1028 4410 sorano
1046 4363 1136 4410 intuitu
1157 4365 1262 4426 suscipe,
1278 4369 1308 4412 ut
1320 4367 1394 4413 inter-

204 4421 300 4468 cedente
309 4424 378 4468 beoto
388 4424 547 4483 Chrysogono
558 4425 662 4481 martyre
677 4424 726 4479 tuo,
737 4420 863 4470 criminum
877 4427 1014 4472 nostrorum
1027 4423 1138 4483 contagia
1151 4428 1238 4473 mucce
1251 4429 1393 4485 expurgent.

207 4480 253 4526 Per
262 4481 398 4528 Dominum.
