2946 5002
208 363 256 405 xx
732 339 877 426 Prefcce.

207 507 245 566 de
259 526 292 565 eo
303 513 433 578 canetur,
444 513 497 564 aut
508 527 572 583 quae
583 507 607 582 ej
612 527 645 564 us
655 507 760 582 hymni
769 526 840 564 vera
850 506 1003 565 sententia.
1031 504 1160 562 Proinde
1169 523 1231 576 vos,
1242 500 1404 578 Anglicani

208 594 408 665 praeceptores,
423 588 456 644 in
479 588 582 664 primis
605 588 693 645 laudo
720 587 772 663 qui
795 607 855 645 non
878 589 918 646 sic
942 588 1042 645 literas
1066 586 1171 659 colitis,
1197 590 1232 642 ut
1253 581 1405 658 religionis

208 668 441 740 obliviscamini3
455 688 514 744 quo
528 668 604 726 circa
616 674 651 725 ut
664 668 770 726 vestris
783 669 888 726 studiis
902 669 1036 744 opituler,
1052 667 1090 724 ad
1103 667 1282 742 hymnorum
1293 662 1405 738 exposi-

208 750 320 806 tionem
346 769 407 805 non
430 750 506 806 nihil
533 750 665 807 cultioris
692 750 854 807 literaturae
881 750 1005 824 adiicere
1032 747 1180 806 constitui.
1233 745 1343 803 Valete
1367 762 1405 800 ex

207 829 324 887 officina
347 835 448 886 nostra
473 829 668 888 Parrhisiensi
697 831 735 888 ad
763 831 888 889 decimas
916 830 1057 888 kalendas
1083 828 1218 896 Martias,
1245 845 1324 884 anno
1352 843 1404 900 pro

210 910 321 968 calculo
335 911 470 968 Romano
485 911 693 970 MOOOOOH.

270 1087 435 1174 Colophon
448 1088 498 1153 for
513 1089 569 1152 the
586 1096 605 1125 “
615 1089 783 1175 Expositio
798 1089 1005 1174 Hymnorum
1014 1088 1035 1117 ”
1048 1111 1101 1151 :—

269 1226 372 1285 Habes
385 1230 477 1285 lector
490 1229 711 1305 explanationes
724 1228 902 1303 hymnorum
916 1228 1072 1303 diligenter
1086 1226 1242 1302 castigatas
1253 1229 1283 1281 et
1293 1227 1403 1281 auctas.

209 1306 370 1383 Impressas
394 1309 573 1385 Rothomagi
592 1329 645 1384 per
668 1309 846 1384 Magistrum
870 1308 994 1365 Petrum
1017 1307 1136 1364 Violete
1156 1306 1257 1363 cadem
1277 1304 1310 1361 in
1331 1302 1405 1360 urbe

209 1395 445 1446 commorantem.
474 1390 621 1466 Impensis
632 1389 778 1446 Guerardi
787 1388 950 1461 Wansfort,
961 1388 1127 1463 bibliopolae
1138 1387 1171 1443 in
1181 1387 1302 1443 civitate
1313 1385 1402 1441 Ebor.

209 1489 321 1526 moram
334 1471 470 1545 gerentis.
513 1475 604 1528 Anno
623 1470 746 1527 Domini
767 1469 1016 1542 mcccccvii,
1031 1468 1218 1545 quindecima
1238 1467 1286 1525 die
1306 1466 1328 1524 J
1330 1485 1402 1522 111111

211 1549 275 1608 Deo
288 1551 349 1608 sint
361 1552 472 1629 gratiae.
514 1552 622 1610 Amen.

269 1721 354 1786 Titio
368 1728 403 1786 1ο
417 1723 473 1786 the
488 1729 509 1757 “
518 1722 686 1807 Expositio
702 1721 950 1808 Sequentiarum
959 1723 979 1752 ''
992 1746 1045 1786 :—

269 1865 424 1941 Expositio
439 1865 666 1941 Sequentiarum
679 1865 772 1922 totius
786 1865 857 1922 anni
870 1865 1027 1940 diligenter
1039 1863 1190 1940 recognita
1203 1868 1234 1920 et
1246 1866 1341 1921 aucte.

268 1988 290 2045 J
291 1989 398 2045 odocus
413 1989 524 2045 Badius
540 1988 700 2046 Ascensius
721 1986 858 2046 studiosae
879 1995 908 2045 et
929 2008 1045 2045 morum
1064 1988 1255 2045 honestorum
1268 1991 1299 2043 et
1312 1986 1405 2043 litter-

328 2089 413 2125 arum
426 2076 594 2126 sanctarum
607 2070 780 2145 Anglicanae
793 2070 865 2144 pubi
878 2069 1010 2127 salutem.

268 2189 380 2262 Laudo,
403 2191 600 2248 adolescentes
621 2192 734 2266 optimi,
755 2192 842 2248 laudo
863 2193 1036 2248 institutum
1056 2197 1188 2249 vestrum
1209 2191 1260 2266 qui
1277 2190 1404 2248 libenter

208 2277 323 2327 sanctas
343 2271 442 2345 legitis
455 2277 486 2327 et
500 2272 612 2328 discitis
626 2271 748 2328 litteras.
790 2272 869 2328 Nam
883 2274 909 2329 si
922 2273 1005 2329 vobis
1025 2273 1141 2329 animus
1155 2278 1207 2342 est,
1222 2277 1257 2328 ut
1270 2271 1403 2347 pluribus

209 2357 341 2407 vestrum
363 2370 424 2407 esse
445 2351 541 2424 debet,
556 2372 607 2408 vos
621 2372 688 2408 eum
708 2353 882 2409 maturiores
905 2352 1021 2409 fueritis
1043 2353 1153 2409 divinis
1174 2353 1276 2410 officiis
1298 2352 1403 2408 manci-

207 2451 286 2507 pare,
307 2431 450 2503 addicere,
470 2433 577 2502 dicare,
599 2451 664 2507 quae
681 2433 784 2489 utilior
803 2433 842 2489 sit
863 2433 946 2489 vobis
966 2434 1052 2490 lectio
1074 2453 1163 2509 quam
1176 2433 1278 2509 quaid
1292 2433 1404 2490 discitis

208 2513 288 2588 quod
311 2513 445 2569 futurum
471 2520 515 2571 est
542 2514 628 2585 usui3
659 2532 780 2590 eamque
807 2514 958 2590 acquiritis
982 2515 1135 2572 scientiam
1161 2515 1195 2571 in
1217 2513 1313 2585 terris,
1339 2533 1403 2589 quae

208 2594 360 2650 vobiscum
372 2592 419 2671 (ut
429 2593 515 2651 dirus
526 2594 728 2670 Hieronymus
741 2594 853 2672 inquit)
865 2615 1003 2652 mansura
1013 2601 1057 2653 est
1067 2597 1100 2652 in
1111 2594 1208 2653 1111111
1241 2594 1403 2652 Pulchrum

207 2681 261 2745 est,
284 2674 481 2731 adolescentes
502 2675 634 2746 studiosi,
650 2675 805 2751 pulchrum
827 2682 871 2733 est
893 2683 924 2734 et
945 2682 1079 2733 sanctum
1096 2697 1114 2733 a
1127 2678 1237 2733 teneris
1253 2675 1299 2752 (ut
1312 2694 1404 2751 graece

209 2755 326 2831 dicunt)
361 2755 530 2831 unguiculis
568 2755 677 2813 divinis
717 2755 854 2814 laudibus
894 2758 1062 2814 incumbere
1102 2757 1197 2833 iisque
1230 2775 1400 2814 assuescere.

210 2835 362 2910 Siquidem
382 2836 434 2911 qui
454 2835 644 2909 olocaustum,
662 2837 717 2908 aa,
731 2843 830 2894 totum
851 2838 1004 2895 incensum
1025 2844 1113 2913 atque
1127 2843 1215 2914 caput
1229 2857 1296 2894 cum
1310 2837 1403 2894 cauda

208 2915 280 2972 olim
293 2917 433 2992 poposcit,
453 2922 547 2974 totam
569 2918 658 2974 etiam
679 2918 772 2975 vitam
786 2925 916 2975 nostram
929 2939 1009 2976 nunc
1032 2920 1133 2995 exigit.
1176 2919 1294 2994 Pergite
1311 2919 1404 2994 igitur

210 2995 257 3070 (ut
279 2996 480 3054 Ciceronianis
500 2999 598 3056 verbis
618 3001 709 3076 utar),
731 2999 927 3058 adolescentes
951 3000 1076 3075 optimi,
1105 3000 1138 3056 in
1161 2998 1223 3056 haec
1250 2998 1349 3056 studia
1372 2999 1405 3055 in

208 3078 316 3153 quibus
340 3078 410 3135 estis
432 3079 602 3136 incumbite.
651 3080 737 3149 Quod
764 3100 822 3155 quo
848 3080 1018 3156 diligentius
1042 3079 1164 3151 faciatis,
1190 3099 1242 3156 ego
1265 3080 1318 3136 has
1345 3078 1405 3136 Dei

207 3165 434 3234 sanctorumque
455 3161 518 3235 ejus
531 3159 723 3233 laudationes,
739 3180 811 3235 quas
829 3161 881 3218 alii
901 3161 1075 3236 Sequentias
1095 3160 1148 3218 1111
1168 3159 1274 3218 Prosae
1287 3166 1402 3234 vocant,

208 3239 380 3298 elucidiores
404 3241 494 3313 effeci,
510 3247 545 3298 ut
565 3262 632 3299 eum
652 3242 760 3298 sanctis
782 3242 890 3299 litteris
910 3243 1000 3300 etiam
1021 3242 1142 3300 Latinas
1156 3241 1282 3299 discatis.
1324 3240 1405 3298 Nam

206 3321 277 3378 licet
290 3341 352 3378 non
372 3321 412 3378 sit
431 3322 615 3397 paenitendus
637 3330 723 3380 vetus
746 3322 795 3380 hic
816 3343 917 3380 earum
940 3323 1094 3398 interpres,
1111 3342 1235 3398 suosque
1253 3321 1360 3398 quibus
1374 3341 1404 3379 se

207 3407 328 3460 tueatur
340 3402 449 3460 habeat
467 3410 608 3477 auctores,
624 3409 723 3461 tamen
743 3404 813 3479 quia
827 3423 906 3461 nunc
926 3403 1064 3461 cultiores
1084 3403 1267 3460 reviviscunt
1286 3403 1403 3475 litterae,

205 3483 365 3559 adjecimus
388 3503 490 3540 veram
514 3485 723 3541 vocabulorum
745 3485 1028 3561 interpretationem,
1043 3484 1171 3560 priorem
1189 3504 1249 3541 non
1263 3484 1402 3541 delentes.

206 3563 521 3640 Boniigituraequique
530 3566 673 3622 consulite
682 3565 1235 3640 etJohannemBalduinum,vulgatius
1244 3564 1403 3637 Boudium,

207 3645 290 3721 cujus
303 3645 425 3703 monitis
438 3645 514 3703 hanc
527 3647 652 3722 opellam
666 3647 845 3722 suscepimus
858 3647 943 3703 nobis
956 3653 1093 3704 cosmate.
1117 3646 1227 3704 Valete
1237 3665 1275 3702 ex
1289 3645 1405 3702 officina

206 3731 308 3784 nostra
328 3726 474 3784 litteraria
502 3727 535 3782 in
563 3726 781 3784 Parrhisiorum
801 3727 922 3786 Lutetia
945 3727 983 3785 ad
1004 3726 1147 3785 Calendes
1169 3727 1304 3799 Martias,
1332 3727 1404 3783 anni

206 3825 260 3882 pro
274 3808 485 3884 supputatione
499 3808 635 3865 Romana
649 3807 853 3867 Monocoli

268 3985 433 4068 Colophon
447 3984 498 4050 for
511 3985 567 4049 the
582 3990 599 4018 “
608 3985 776 4069 Expositio
791 3983 1038 4070 sequentiarum
1047 3985 1067 4014 ''
1080 4009 1132 4050 :-

268 4129 496 4206 Sequentiarum
516 4150 567 4189 seu
590 4148 742 4207 prosarum
762 4130 795 4186 in
819 4129 949 4186 Ecclesia
968 4149 1022 4205 per
1040 4135 1139 4187 totum
1158 4146 1269 4186 annum
1286 4131 1405 4201 cantan-

207 4211 313 4270 darum
334 4212 547 4289 diligenterque
568 4216 764 4269 correctarum
784 4215 814 4268 et
834 4229 976 4287 perquam
999 4209 1185 4267 familiariter
1204 4208 1405 4284 expositarum

207 4311 274 4350 cum
287 4294 486 4369 argutioribus
502 4293 711 4351 vocabulorum
729 4290 1022 4368 interpretationibus
1036 4289 1217 4366 Rothomagi
1229 4308 1282 4365 per
1296 4287 1405 4366 Magis·

207 4378 289 4431 trum
309 4375 435 4432 Petrum
451 4374 585 4433 Violette
605 4374 813 4450 impressarum
833 4372 933 4430 eadem
958 4371 991 4428 in
1014 4373 1088 4430 urbe
1108 4374 1337 4430 commorantem
1351 4368 1404 4426 im-
