2946 5002
228 342 269 403 58
710 340 806 404 Festa
827 340 945 406 Joatt.
1015 298 1018 304 Ι

225 507 363 564 volebas:
384 527 451 565 cum
475 513 576 565 autem
596 507 736 581 senueris,
751 508 893 566 extendes
909 527 1014 565 manus
1034 513 1110 580 tuas,
1127 514 1158 565 et
1177 508 1254 564 alius
1275 514 1305 564 te
1327 508 1426 584 cinget

226 593 257 644 et
270 587 358 645 ducet
372 608 430 663 quo
445 596 479 645 tu
492 608 553 645 non
566 588 629 645 vis:
651 589 706 646 hoc
723 596 824 646 autem
844 589 922 646 dixit
942 588 1110 666 significans
1131 609 1189 665 qua
1209 595 1305 646 morte
1318 589 1424 646 clarifi-

226 673 346 726 caturus
359 676 435 726 esset
450 670 556 727 Deum.

287 762 432 819 Psalmua

287 842 359 898 Caeli
373 848 512 900 enarrant
525 843 649 918 gloriam
663 843 742 900 Dei:
762 850 792 900 et
807 863 894 919 opera
915 863 1057 900 manuum
1071 844 1134 920 ejus
1149 843 1309 900 annuntiat
1322 843 1425 900 funda·

226 929 369 980 mentum.

288 1004 396 1062 Oratio.

286 1084 408 1157 Praesta,
432 1105 609 1161 quaesumus,
626 1085 813 1162 omnipotens
835 1086 926 1156 Deus,
941 1091 976 1142 ut
997 1086 1089 1142 nullis
1111 1106 1165 1144 nos
1183 1087 1340 1160 permittas
1364 1105 1425 1161 per-

226 1166 448 1223 turbationibus
468 1167 597 1238 concuti,
617 1187 691 1243 quos
711 1169 745 1224 in
766 1166 933 1242 apostolicae
956 1167 1147 1224 confessionis
1170 1165 1254 1224 Petri
1281 1167 1421 1224 solidasti.

227 1245 286 1303 Per
300 1247 473 1304 Dominum.

286 1328 431 1385 Memoria
445 1329 479 1385 de
493 1337 591 1386 serrato
604 1328 706 1400 Leone,
716 1349 808 1404 papa.
846 1328 954 1387 Oratio.

287 1409 377 1480 Deus,
390 1409 444 1485 qui
467 1411 588 1467 beatum
612 1409 742 1466 Leonem
769 1409 938 1485 pontificem
965 1415 1135 1466 sanctorum
1162 1414 1283 1465 tuorum
1310 1409 1423 1465 meritis

226 1488 403 1564 coaequasti,
437 1491 560 1548 concede
590 1491 744 1566 propitius,
776 1497 811 1547 ut
846 1490 898 1566 qui
931 1491 1218 1547 commemorationis
1252 1491 1316 1565 ejus
1350 1491 1424 1546 festa

225 1570 401 1646 percolimus
412 1571 481 1627 vitae
496 1590 612 1647 quoque
626 1571 778 1628 imitemur
792 1571 932 1646 exempla.
977 1571 1035 1627 Per
1049 1572 1219 1628 Dominum.

287 1647 341 1730 [Et
355 1654 389 1709 de
402 1662 500 1710 saneto
514 1651 788 1710 Jacobs-MSS.
804 1652 844 1722 A,
862 1651 894 1723 O,
910 1653 968 1708 and
983 1649 1035 1732 D]

224 1819 226 1823 Ι
285 1745 381 1802 Lectio
395 1744 523 1802 Asturam
537 1744 740 1820 Apostolorum
756 1746 819 1821 (iii,
838 1745 930 1822 1-10).

197 1867 198 1872 1
287 1825 326 1881 In
339 1825 443 1883 diebus
457 1827 525 1896 illis,
542 1827 650 1883 Petrus
664 1832 694 1883 et
704 1826 726 1884 J
727 1827 858 1884 ohannes
871 1825 1069 1883 ascendebant
1082 1827 1116 1883 in
1125 1826 1271 1902 templum
1280 1846 1371 1900 usqae
1386 1824 1425 1882 ad

225 1904 258 1962 in
269 1925 302 1962 00
316 1907 395 1981 quod
408 1907 554 1964 acciderat
564 1908 617 1964 illi.

288 1986 422 2045 Gradal.
466 1989 505 2045 In
520 2008 637 2046 omnem
651 1996 769 2048 terram.

285 2067 321 2126 Si
334 2069 493 2126 Dominica
506 2071 637 2139 evenerit,
651 2070 801 2145 Alleluya.
851 2069 879 2126 V.
904 2069 1008 2126 Sancti
1021 2069 1076 2138 tui,
1093 2070 1230 2141 Domine,
1239 2069 1422 2125 benedicent.

285 2160 452 2219 Secundum
465 2161 492 2217 J
490 2163 632 2220 0110111011
648 2163 724 2238 (axi.
744 2161 858 2239 15-19)

285 2241 326 2298 In
339 2243 391 2299 illo
406 2249 546 2318 tempore,
562 2243 651 2299 Dixit
664 2244 686 2300 J
688 2263 753 2300 esus
763 2243 862 2316 Petra,
879 2242 983 2300 Simon
996 2242 1018 2301 J
1019 2242 1153 2313 ohannis,
1165 2242 1264 2318 diligis
1278 2262 1325 2298 me
1336 2262 1425 2316 usqae

223 2322 266 2380 ad
284 2323 497 2380 clarificaturus
511 2329 586 2380 esset
601 2324 707 2379 Deum.

287 2414 477 2488 Offirtorium.
522 2416 602 2472 Mihi
615 2421 723 2472 autem.

284 2495 405 2553 Secreta.
448 2497 560 2553 Munus
580 2498 705 2571 apostoli
725 2496 779 2568 tui,
799 2495 937 2568 Domine,
956 2517 1133 2572 quaesumus,
1155 2497 1315 2572 apostolica
1335 2497 1423 2553 inter-

224 2576 352 2633 cessione
381 2578 539 2649 sanctifica,
564 2596 675 2652 nosque
703 2597 721 2633 a
744 2583 930 2653 peccatorum
952 2586 1120 2635 nostrorum
1142 2578 1265 2634 maculis
1287 2578 1420 2635 emunda.

224 2656 283 2714 Per
297 2657 468 2716 Dominum.

284 2738 355 2795 Atta
369 2738 489 2796 Secreta.

283 2819 395 2877 Annus
408 2821 503 2892 nobie,
519 2820 655 2891 Domine,
672 2826 707 2875 ut
720 2820 920 2877 intercedente
934 2821 1019 2877 beato
1034 2820 1140 2892 Leone,
1157 2819 1218 2876 haec
1231 2820 1316 2876 nobis
1330 2820 1423 2894 prosit

223 2899 342 2971 oblatio,
359 2921 447 2976 quam
461 2901 641 2958 immolando
655 2901 748 2958 totius
761 2901 867 2958 mundi
880 2902 1015 2958 tribuisti
1027 2901 1156 2958 relaxari
1170 2901 1284 2958 delicta.
1329 2901 1394 2958 Per.

285 2980 467 3041 Communia.

283 3062 386 3120 Simon
407 3063 565 3133 Johannis,
582 3062 679 3139 diligis
701 3083 748 3120 me
766 3064 833 3138 plus
856 3063 920 3119 his:
942 3062 1077 3130 Domine,
1090 3070 1128 3120 tu
1147 3063 1245 3119 omnia
1267 3063 1364 3128 nosti3
1387 3069 1422 3118 tu

222 3142 287 3215 scis,
302 3143 439 3214 Domine,
456 3145 526 3220 quia
539 3164 605 3201 amo
619 3150 658 3202 te.

282 3236 524 3294 Postcommanio.

283 3316 364 3385 Quos
378 3317 494 3389 caelesti,
510 3318 647 3390 Domine,
669 3318 811 3374 alimento
831 3318 954 3387 satiasti,
976 3317 1143 3393 apostolicis
1163 3317 1421 3374 intercessionibus

221 3397 259 3454 ab
272 3399 354 3455 omni
367 3398 544 3456 adversitate
555 3399 678 3456 custodi.
721 3399 779 3456 Per
792 3399 964 3456 Dominum.

281 3490 355 3548 Atta
370 3492 614 3549 Posteommamio.

280 3573 372 3644 Deus,
389 3573 441 3648 qui
454 3573 560 3629 animae
574 3573 677 3629 famuli
690 3573 736 3629 tui
748 3572 856 3629 Leonis
876 3579 993 3630 aeternae
1013 3572 1206 3629 beatitudinis
1220 3572 1341 3648 praemia
1355 3591 1420 3628 con-

219 3652 327 3726 tulisti,
343 3654 467 3711 concede
481 3654 636 3729 propitius,
651 3659 687 3710 ut
708 3653 760 3728 qui
781 3660 966 3728 peccatorum
987 3659 1157 3710 nostrorum
1175 3654 1302 3729 pondere
1317 3653 1420 3728 premi-

220 3754 296 3808 mur,
311 3735 375 3810 ejus
388 3735 467 3812 apud
481 3741 511 3791 te
525 3735 660 3810 precibus
674 3733 870 3791 sublevemur.
914 3733 980 3791 Per.

347 3927 388 3984 Is
408 3942 462 3983 mn
482 3940 703 3982 Arosrononuu
724 3922 821 3980 Psrnr
844 3939 881 3978 nr
903 3921 1011 3980 Pium.
1056 3920 1108 4000 (iii.
1126 3921 1196 3978 Kal.
1212 3919 1289 3999 Jul.)

281 4055 422 4130 Officium.

279 4136 311 4193 N
312 4156 370 4193 unc
384 4136 443 4193 scio
458 4155 526 4192 vere
540 4133 611 4210 quia
624 4132 706 4189 misit
717 4128 864 4188 Dominus
885 4132 1022 4208 angelum
1043 4151 1138 4203 suum,
1154 4139 1185 4188 01
1199 4131 1309 4208 eripuit
1322 4151 1369 4188 110
1384 4132 1419 4189 de

218 4236 309 4278 manu
321 4216 451 4274 Herodis
464 4223 496 4274 01
509 4217 545 4273 de
559 4214 641 4272 omni
654 4213 858 4289 expectatione
871 4213 966 4289 plebis
979 4212 1001 4270 J
1003 4213 1162 4270 udaeorum.

279 4310 426 4367 Patmos.

280 4391 416 4461 Domine,
445 4389 578 4466 probasti
604 4408 652 4446 me
679 4392 710 4445 01
737 4386 901 4463 cognovisti
928 4406 992 4445 me:
1014 4392 1048 4444 tu
1069 4386 1234 4463 cognovisti
1260 4386 1419 4444 sessionem

219 4491 316 4531 meam
329 4477 361 4528 et
370 4472 617 4529 resurrectionem
629 4488 733 4527 meam.
