2946 5002
139 372 202 434 210
527 367 713 454 Sequentia
736 368 945 435 Communes.
1031 413 1033 419 -

194 533 236 594 In
248 535 513 594 commemoratione
530 512 738 594 beata'Mae-ia
758 536 792 594 in
813 544 935 612 tempore
955 535 1094 594 Paschali
1114 537 1257 596 dicantar
1276 540 1340 597 ieta

119 618 200 674 aaa
212 615 374 693 Sequentia
387 616 555 674 alternatim
567 640 576 676 :

253 720 375 798 Virgini
390 720 494 779 Mariae
508 720 609 779 laudes
622 720 763 779 intonant
777 720 948 792 Christiani,

255 801 321 859 Eva
334 801 429 859 tristis
442 801 575 874 abstulit,
972 794 978 804 ’

255 882 313 941 Sed
327 882 427 940 Maria
440 882 568 958 protulit

254 963 380 1034 Natum,
395 963 448 1039 qui
461 963 586 1020 redemit
599 967 772 1040 peccatores.

255 1042 278 1101 J
278 1063 313 1101 us
326 1049 356 1102 et
369 1043 465 1100 virtus
479 1043 598 1101 modulo
612 1063 774 1102 convenere
788 1043 931 1101 mirando.

256 1124 362 1182 Mariae
376 1125 455 1181 filius
469 1132 573 1200 regnat
587 1124 677 1182 Deus.

256 1205 315 1263 Dic
328 1204 423 1276 uobis,
440 1205 547 1276 Maria,

255 1285 352 1362 Virgo
366 1286 492 1342 clemens
506 1292 537 1342 et
549 1285 617 1362 pia;

257 1365 410 1436 Quomodo
423 1366 501 1422 facta
514 1385 544 1422 es
557 1364 701 1442 genetrix,
716 1385 783 1422 cum
797 1372 832 1423 tu
846 1365 885 1424 sis
897 1366 1011 1443 plasma
1024 1384 1062 1423 cx
1076 1372 1107 1424 tc
1120 1369 1288 1426 noscentisi

257 1446 393 1523 Angelus
407 1452 452 1504 est
465 1447 550 1504 testis
622 1498 624 1504 ⁴

255 1527 307 1584 Ad
321 1546 368 1585 me
382 1527 488 1584 missus
501 1526 642 1599 caelestis;

256 1607 357 1665 Natus
370 1613 415 1665 est
428 1627 466 1665 ex
479 1627 526 1664 me
539 1626 604 1684 spes
617 1627 691 1678 mea,

256 1688 315 1747 Sed
328 1688 480 1746 incredula
492 1694 592 1747 manet
605 1688 720 1746 Judaea.

257 1769 444 1828 Credendum
457 1775 502 1828 est
515 1769 608 1845 magis
621 1768 677 1827 soli
691 1769 823 1827 Gabrieli
835 1769 916 1841 forti,

256 1850 353 1920 Quam
366 1850 389 1908 J
390 1851 541 1908 udaeorum
553 1870 652 1926 pravae
666 1850 787 1908 cohorti.

256 1931 372 1990 Scimus
386 1931 540 1989 Christum
553 1930 725 2007 processisse
739 1951 777 1988 ex
790 1930 890 2011 Maria
903 1951 972 1989 vere
983 1950 992 2003 3

255 2012 302 2069 Tu
315 2012 408 2085 uobis,
423 2019 493 2071 nate
506 2032 569 2084 rex,
585 2012 728 2070 miserere.

194 2133 266 2191 Atta
277 2132 441 2208 Sequentia.
485 2133 592 2191 Stabat
601 2134 692 2210 juxta
705 2151 822 2191 crucem
836 2132 957 2206 Christi,
972 2142 1007 2192 nt
1021 2153 1119 2210 snpra.

194 2226 270 2285 Item
283 2225 346 2285 clia
357 2224 521 2302 Sequentia.

483 2319 600 2377 Laudes
615 2318 732 2377 Christo
746 2319 942 2392 decantemus,

483 2400 557 2477 Ejus
570 2400 673 2458 matris
687 2399 740 2475 qui
753 2399 914 2477 gaudemus

523 2480 649 2557 Speciali
662 2481 763 2556 gloria.

481 2570 578 2628 Dulce
591 2571 683 2628 melos
695 2571 793 2647 pulset
806 2569 891 2627 caelos
902 2590 911 2642 3

482 2651 562 2709 Nam
577 2652 736 2727 benignam
750 2651 830 2709 dulci
843 2651 964 2728 dignam

523 2732 677 2791 Credimus
691 2731 825 2788 melodia.

481 2820 561 2878 Voci
574 2820 638 2877 vita
651 2819 860 2892 conformetur,

482 2899 530 2958 Ut
543 2900 654 2957 sineere
668 2899 833 2957 celebretur

522 2980 628 3038 Mariae
641 2980 790 3039 memoria.

481 3069 645 3128 Salvatoris
658 3075 783 3128 matrem
796 3069 928 3142 laudent,

482 3150 542 3220 Qui
555 3171 608 3228 per
621 3171 686 3208 eam
700 3151 757 3209 sibi
770 3151 902 3228 gaudent

523 3233 603 3290 Vitae
617 3232 683 3290 dari
696 3253 828 3291 munera.

481 3323 592 3382 Dicant
607 3344 708 3382 omues
721 3330 751 3382 et
765 3324 866 3382 dicant
879 3323 998 3402 singuli,

480 3406 549 3463 Ave
563 3405 641 3463 salus
654 3405 748 3463 totius
760 3405 872 3482 populi,

430 3544 433 3553 ,
520 3486 616 3562 Virgo
631 3492 662 3544 et
675 3505 826 3562 puerpera.

481 3575 507 3634 Ο
522 3596 611 3654 quam
623 3577 705 3647 felix,
720 3594 809 3651 quam
823 3576 970 3652 praeclara,

480 3657 577 3733 Virgo
590 3663 685 3714 mater
697 3656 762 3713 Deo
776 3676 852 3728 care,

520 3737 609 3796 Sacro
622 3737 710 3814 plena
722 3736 865 3795 Flamina.

482 3828 572 3904 Agna
585 3827 648 3886 siue
661 3825 777 3884 macula

482 3908 582 3966 Laetis
595 3907 677 3965 dedit
689 3906 794 3985 pocula
856 3963 858 3967 ,

522 3989 586 4048 sub
599 3988 695 4046 carnis
707 3986 860 4047 velamine.

482 4079 558 4137 Haec
571 4083 616 4137 est
629 4077 706 4136 scala
718 4081 914 4154 peccatorum,

482 4160 541 4219 Per
553 4179 641 4237 quam
656 4158 792 4217 Christus
805 4177 860 4216 rex
873 4158 1010 4217 caelorum

522 4239 683 4299 Descendit
695 4239 733 4297 ad
746 4239 856 4297 infima

482 4332 591 4390 Forma
604 4329 687 4407 cujus
701 4328 867 4406 singularis,

482 4412 541 4471 Per
553 4431 643 4489 quam
656 4410 731 4469 roris
743 4409 880 4468 salutaris

521 4493 609 4552 Dona
621 4491 731 4552 dantur
743 4490 858 4550 intima.
