2946 5002
561 339 657 405 Festu
681 338 832 406 Octobris.
870 384 872 388 »
1232 339 1295 408 117

85 510 217 562 tuorum
251 523 378 580 quorum
414 504 546 581 reliquiae
579 506 611 563 iu
645 505 783 583 praesenti
815 504 1001 582 requiescunt
1035 504 1154 564 ecclesia
1187 504 1293 562 merita

97 584 230 662 gloriosa,
245 591 396 643 uteorum
409 586 466 661 piis
482 586 739 644 intercessionibus
761 586 799 643 ab
821 586 959 645 omnibus
979 605 1092 663 semper
1104 590 1293 663 protegamur

99 665 237 725 adversis.
280 666 339 723 Per
352 664 524 724 Dominum.

157 746 274 822 Epistol
293 791 300 804 .
343 746 390 802 Hi
403 754 473 804 suut
486 747 545 803 viri
557 747 772 806 misericordiae.

159 827 292 886 (drudolt.
336 827 547 886 Exsultabunt.

156 908 305 984 Alleluya.
354 908 383 965 V.
405 908 488 967 Justi
502 907 665 985 epulentur.

153 989 317 1063 Sequentia.
360 988 469 1046 Mundi
482 995 577 1062 aetate,
591 999 626 1046 ut
638 991 673 1046 lu
686 989 722 1045 N
718 989 792 1046 utuli
800 989 1003 1065 plurimorum
1016 986 1216 1064 coruscaturum.

155 1069 356 1144 Evaupeliuuu.
399 1069 585 1128 Descendens
598 1070 620 1129 J
621 1089 687 1128 esus
700 1070 736 1129 de
749 1075 857 1128 monte.

156 1150 257 1209 Oredo.

155 1229 348 1304 Offertoettuu.
391 1230 602 1289 Exsultabunt.

155 1310 275 1370 Secreta.
309 1320 316 1331 ¹

153 1391 300 1468 Suscipiut
312 1391 408 1468 pietas
428 1398 491 1461 tua,
511 1411 685 1468 quaesumus,
701 1392 838 1462 Domine,
852 1392 889 1450 de
905 1392 1042 1450 munibus
1055 1390 1165 1449 nostris
1177 1409 1287 1447 munus

92 1471 232 1542 oblatum,
247 1479 278 1530 et
290 1491 343 1549 per
355 1472 545 1549 praesentium
555 1479 723 1530 sanctorum
734 1473 880 1531 orationes
890 1474 927 1533 ab
938 1472 1074 1532 omnibus
1083 1490 1138 1530 nos
1148 1472 1287 1529 emundet

93 1553 225 1631 peccatis
268 1553 334 1611 Per.

152 1632 333 1692 doemonio.
376 1634 534 1692 Justorum
547 1633 661 1691 animae.

151 1714 392 1772 Poetcommuue‘o.

54 1854 57 1858 ,
149 1794 260 1854 Divina
283 1795 409 1852 libantes
430 1794 579 1869 mysteria,
595 1813 661 1871 quae
683 1814 736 1871 pro
760 1793 950 1870 praesentium
973 1800 1143 1853 sanctorum
1165 1812 1284 1852 venera-

90 1875 170 1933 tione
191 1882 251 1932 tuae
275 1874 437 1934 obtulimus
459 1876 617 1950 majestati,
638 1882 754 1952 praestc,
777 1894 952 1952 quaesumus,
978 1881 1014 1933 ut
1035 1895 1088 1952 per
1109 1894 1143 1932 ee
1166 1874 1284 1932 veniam

90 1975 253 2014 mereamur
264 1961 459 2032 peccatorum,
474 1960 505 2012 et
518 1955 641 2013 caelestis
653 1956 757 2032 gratiae
771 1956 857 2013 donis
870 1956 1044 2014 reficiamur.
1087 1955 1153 2014 Per.

129 2162 254 2222 Sauone
274 2163 516 2233 Ausmrurarm,
537 2178 675 2221 virensis
694 2179 756 2220 rou
776 2178 938 2220 uurrrrrs.
982 2161 1057 2239 (xiii.
1075 2160 1144 2218 Kal.
1161 2159 1252 2230 Nou.)

142 2292 288 2367 Officium.
331 2292 482 2350 Dilexisti.

147 2373 254 2432 Oratio.
298 2373 492 2450 Omnipotens
506 2373 683 2449 sempiterne
696 2373 787 2430 Deus.

146 2453 285 2530 Epistohu.
328 2454 456 2511 Domine
470 2453 553 2511 Deus
566 2473 656 2511 meus.

148 2534 281 2595 Gradale.
325 2534 441 2591 Diffusa
455 2539 508 2594 est.

145 2616 293 2691 Alleluyu.
341 2615 370 2672 V.
393 2615 540 2671 AEmulor.

144 2695 344 2771 Euespelium.
388 2695 489 2753 Simile
503 2699 547 2752 est
561 2715 686 2771 regnum
700 2695 837 2753 caelorum
850 2695 951 2753 decem
963 2693 1138 2771 virginibus.

146 2776 336 2850 Qffertoedum.
379 2775 463 2832 Filiae
478 2795 587 2852 regum.

145 2856 326 2916 Commutato.
370 2856 507 2932 Quinque
521 2856 688 2934 prudentes.

169 3063 207 3121 Iu
227 3063 327 3121 Fusro
348 3062 500 3120 Uirunum
521 3062 667 3122 Minuruu
688 3052 881 3122 Virorum*
927 3061 991 3141 (xii.
1008 3062 1077 3120 Kal.
1094 3061 1188 3141 Nou.)

144 3193 282 3271 Officium.
325 3195 455 3253 Vultum
468 3200 564 3253 tuum.

110 3280 113 3286 '
145 3275 253 3335 Oratio.

142 3356 233 3430 Deus,
256 3356 309 3433 qui
335 3363 466 3414 sanctam
493 3356 578 3415 nobis
605 3357 695 3434 hujus
721 3357 781 3415 diei
801 3355 1028 3415 sollemnitatem
1047 3375 1102 3434 pro
1122 3357 1276 3414 beatarum

85 3436 230 3514 virginum
243 3443 468 3514 martyrumque
481 3443 601 3501 tuarum
614 3438 741 3514 gloriosa
758 3438 892 3514 passione
910 3436 1023 3495 fecisti:
1044 3438 1144 3495 adesto
1157 3435 1274 3493 familiae

84 3522 140 3576 tuae
153 3518 296 3595 precibus,
310 3524 341 3576 et
354 3519 391 3576 de
405 3525 441 3574 ut
454 3537 580 3594 quarum
597 3519 685 3576 hodie
703 3517 778 3577 festa
798 3518 986 3591 celebramus,
1001 3537 1103 3576 esuum
1116 3517 1229 3576 meritis
1242 3522 1273 3574 et

83 3597 337 3657 intercessionibus
351 3599 532 3675 adjuvemur.
576 3599 640 3658 Per.

139 3679 280 3755 Epistola.
323 3679 370 3736 De
383 3679 558 3755 virginibus.

139 3759 274 3819 Grudule.
316 3759 528 3831 Exsrdtabunt
543 3760 578 3817 io
593 3759 750 3819 Comrnuue'
758 3760 959 3836 plurimorum
972 3769 1146 3836 martyrum.

137 3840 286 3916 Alleluya.
335 3840 364 3898 V.
386 3839 584 3898 Adduoentur
608 3842 671 3918 regi
696 3842 827 3919 virgines
847 3846 915 3919 post
939 3860 1024 3901 eam:
1045 3840 1187 3917 proximae
1209 3839 1280 3914 ejus

80 3920 135 3979 tibi
147 3922 310 3979 offerentur
321 3921 354 3978 in
367 3920 479 3980 laetitia.

136 4000 300 4077 Sequentia.

81 4081 254 4159 Scrupulosus
267 4081 461 4158 quorumdam
474 4082 621 4140 sententia

80 4161 241 4221 Mulierum
254 4163 353 4220 subita
363 4162 427 4220 fore
440 4168 511 4220 vota

79 4241 187 4300 Merito
200 4242 336 4301 redditur
349 4243 526 4314 evacuanda,

79 4322 159 4382 Dum
171 4324 345 4381 instantiam
358 4324 457 4400 capiat
470 4323 579 4400 regula.

135 4469 148 4494 '⁴
164 4469 226 4515 This
236 4467 304 4514 Mass
313 4467 335 4514 is
346 4467 448 4514 omitted
457 4468 484 4512 in
494 4467 547 4514 MS.
559 4467 590 4521 G,
600 4469 648 4513 aud
657 4467 698 4514 the
710 4467 784 4514 Feast
795 4467 820 4513 in
831 4466 871 4514 the
882 4464 1000 4512 calendar
1010 4464 1096 4512 otther
1107 4463 1160 4510 MS.
