2946 5002
146 329 188 392 32
638 327 733 391 Festa
755 326 853 391 Maii.

202 492 396 631 gfferlorium.
440 493 678 566 Confitebuntur,
693 503 834 569 utsupra
848 493 882 550 ia
897 492 980 551 Festo
995 494 1090 551 sancti
1105 493 1230 568 Georpir‘.

204 585 316 721 iiiiii?
318 619 463 726 Domine,
486 675 661 730 quaesumus,
685 655 864 712 oblationem
886 675 939 731 pro
964 655 1242 712 commemoratione
1267 654 1348 712 beati

143 735 240 793 Marci
263 736 321 793 tibi
342 737 473 793 oblatam
494 737 621 811 benigne
642 744 791 808 contuere,
813 742 843 792 et
865 742 973 811 praesta
993 743 1029 792 ut
1052 744 1083 793 et
1104 737 1222 794 nomini
1243 742 1296 793 tuo
1310 735 1348 792 ad

142 817 266 902 gloriam
280 824 310 874 et
324 818 409 874 nobis
423 817 557 893 proficiat
572 818 609 874 ad
623 817 775 874 medelam.
819 817 877 874 Per
894 817 1067 875 Dominum.

205 898 386 956 Communia.
430 898 604 971 Laetabitur,
620 907 654 955 ut
668 919 760 974 supra
772 898 807 954 in
820 898 905 956 Festo
919 899 1013 956 saneti
1029 898 1153 972 Georpii.

203 980 447 1038 Portoommanr'a
1185 999 1187 1003 ’

203 1060 288 1117 Pasti
308 1061 373 1117 cibo
394 1059 535 1137 spiritalis
556 1060 712 1131 alimoniae,
734 1079 911 1135 quaesumus,
927 1060 1057 1117 Domine
1078 1059 1161 1116 Deus
1181 1064 1290 1130 noster,
1311 1064 1347 1115 ut

142 1141 221 1215 quod
245 1141 410 1198 ministerio
435 1141 667 1217 frequentamus,
689 1141 893 1197 intercedente
920 1141 1006 1197 beato
1033 1141 1136 1198 Marco
1162 1139 1344 1216 evangelista

142 1227 231 1296 atque
245 1222 391 1298 pontifice,
408 1223 494 1298 plena
508 1222 634 1278 veritate
647 1241 867 1297 consequamur.
911 1221 969 1278 Per
984 1219 1175 1278 Dominum*

376 1418 488 1474 Saucrr
508 1417 648 1490 Vrrnurs,
672 1434 835 1475 xnnrrars.
880 1416 928 1494 (iv.
943 1417 1012 1474 Kal.
1029 1416 1116 1494 Mai.)

205 1564 343 1638 Officium
388 1565 557 1637 Protexisti,
575 1565 718 1640 quercia
731 1565 814 1622 Festo
829 1566 925 1622 soracti
940 1564 1062 1640 Georpii.

205 1646 314 1703 Oratae.

202 1725 325 1798 Praesta,
349 1746 526 1803 quaesumus,
546 1727 731 1803 omnipotens
755 1728 845 1798 DeuS,
862 1732 897 1782 ut
919 1727 1119 1784 intercedente
1137 1728 1225 1784 beato
1248 1726 1345 1784 Vitali

73 1837 77 1840 ·
140 1815 271 1883 martyre
284 1814 346 1879 tuo,
363 1815 393 1866 et
406 1828 424 1864 a
438 1809 551 1864 eunetis
565 1808 794 1865 adversitatibus
809 1808 968 1864 liberemur
981 1808 1014 1863 in
1028 1827 1157 1884 corpore,
1170 1812 1200 1864 et
1214 1827 1232 1864 a
1245 1807 1345 1884 pravis

141 1889 369 1965 cogitationibus
382 1889 561 1947 mundemur
574 1890 606 1945 in
619 1895 726 1946 mente.
770 1887 834 1945 Per.

200 1969 344 2044 Epistola.
386 1970 483 2027 Nemo
497 1970 637 2029 militans

200 2051 350 2126 Alleluya.
400 2051 428 2108 V.
451 2051 473 2107 J
476 2059 559 2108 ustus
573 2071 634 2106 non
648 2050 883 2107 conturbabitur.

199 2131 348 2206 Alleluya.
398 2132 426 2190 V.
451 2133 588 2189 Surrexit
603 2131 751 2187 Dominus
760 2150 837 2200 vere,
854 2137 884 2187 et
898 2130 1037 2205 apparuit
1051 2129 1148 2190 Petra.

200 2213 402 2286 Eneapeliuna
446 2213 510 2288 Ego
534 2232 599 2268 sum
618 2212 690 2268 vitis
711 2231 789 2283 vera,
804 2230 898 2285 qaaere
918 2212 953 2268 in
972 2210 1131 2269 Coruncani
1143 2211 1343 2287 plurimorum

139 2303 314 2367 martyram.

202 2373 395 2446 offertorium.

201 2454 322 2530 Repleti
342 2473 443 2511 sumus
463 2473 549 2510 mane
562 2452 763 2510 misericordia
783 2461 845 2522 tua,
862 2458 893 2509 et
912 2453 1137 2526 exsultavimus
1153 2458 1183 2511 et
1204 2454 1343 2512 delectati

140 2554 249 2602 sumus,
264 2535 400 2610 alleluya.

203 2617 325 2674 Secreta.

198 2699 331 2772 Accepta
345 2696 402 2753 tibi
412 2697 452 2753 sit
465 2695 498 2751 in
511 2701 668 2770 conspectu
682 2702 743 2765 tuo,
760 2695 897 2767 Domine,
913 2701 1021 2753 nostrae
1036 2696 1203 2753 devotionis
1213 2696 1342 2769 oblatio;

138 2785 169 2835 et
183 2778 246 2852 ejus
260 2778 345 2834 nobis
358 2778 411 2834 fiat
425 2776 638 2854 supplicatione
652 2777 799 2850 salutaris,
814 2797 868 2853 pro
883 2778 966 2853 cujus
980 2777 1179 2834 sollemnitate
1199 2777 1339 2836 defertur.

140 2859 199 2916 Per
213 2859 383 2917 Dominum.

201 2938 383 2997 Communia

199 3021 263 3096 Ego
277 3040 339 3076 sum
356 3020 427 3077 vitis
441 3039 520 3090 vera,
534 3025 565 3076 et
577 3038 631 3075 vos
644 3019 799 3095 palmites,
820 3020 872 3096 qui
892 3026 993 3076 manet
1014 3020 1047 3076 in
1067 3039 1123 3091 me,
1139 3025 1169 3077 et
1183 3038 1236 3096 ego
1250 3020 1283 3077 in
1297 3039 1339 3093 eo,

137 3101 185 3159 hie
199 3100 258 3158 fert
271 3100 401 3158 fructum
415 3100 545 3158 multum
553 3121 562 3172 3
583 3100 720 3176 alleluya,
735 3100 870 3176 alleluya.

199 3182 462 3241 Poatcommunio.†

197 3263 331 3338 Refeotiss
365 3263 589 3339 participatione
622 3263 754 3319 muneris
788 3262 871 3334 sacri,
896 3281 1071 3338 quaesumus,
1100 3261 1228 3319 Domine
1256 3263 1338 3320 Deus

136 3350 242 3418 noster,
258 3351 294 3401 ut
307 3345 352 3419 cuj
357 3364 391 3400 us
401 3345 591 3419 exsequimur
600 3345 722 3416 cultum,
733 3343 893 3400 sentiamus
904 3343 1048 3400 effectum.
1092 3342 1151 3400 Per
1164 3344 1336 3401 Dominum.

214 3563 401 3620 Sancroaun
428 3577 646 3619 Arosrouonuu
672 3560 816 3617 anrrrr
837 3576 875 3616 nr
896 3560 1016 3618 Jacoar.
1062 3557 1147 3638 (Kal.
1167 3559 1255 3640 Mai.)

193 3676 446 3816 gillluniivemnt
460 3756 497 3813 ad
512 3762 550 3828 te,
568 3755 708 3826 Domine,
723 3755 756 3812 in
770 3761 902 3832 tempore
923 3756 1092 3814 afflictionis
1106 3775 1186 3814 suae:
1207 3761 1238 3814 et
1251 3762 1286 3814 tu
1300 3756 1336 3814 de

132 3840 204 3897 caelo
218 3839 366 3898 exaudisti
380 3858 436 3908 eoa,
452 3838 588 3913 alleluya.

192 3921 351 4059 {illlidalde
360 4000 438 4077 justi
452 4000 484 4056 in
498 3999 642 4056 Domino:
662 4002 758 4055 rectos
771 3998 854 4056 decet
868 3998 1052 4056 collaudatio.

130 4199 158 4243 th
182 4138 283 4243 ltthrp
293 4138 389 4182 follows
399 4136 425 4180 in
435 4136 477 4181 the
492 4134 589 4193 printed
604 4133 715 4179 Editions
730 4134 772 4179 the
788 4134 865 4179 Missa
879 4136 917 4181 for
928 4135 952 4180 S.
964 4135 1096 4191 Petrooius,
1107 4133 1187 4179 which
1196 4131 1298 4190 belongs
1308 4137 1334 4178 to

234 4213 247 4241 o
286 4210 341 4243 une.

158 4212 171 4244 θ
190 4275 203 4333 †
218 4273 271 4318 MS.
283 4273 499 4329 D.-Quaesumus,
510 4271 659 4330 omnipotens
669 4269 744 4324 Deus,
755 4274 782 4314 ut
793 4285 881 4316 munus
892 4271 1001 4316 divinum
1016 4272 1080 4330 quod
1096 4269 1250 4328 sumpsimus,
1257 4268 1332 4314 inter-

131 4333 228 4437 rederpc
238 4333 308 4436 geete
319 4332 398 4377 Vitale
408 4336 513 4391 martyre
524 4335 574 4388 tuo,
585 4329 683 4375 salutari
694 4329 764 4375 nobis
774 4330 852 4389 prosit
860 4330 952 4376 effectu.
984 4331 1031 4376 Per
1042 4331 1178 4378 Dominum.

215 4407 226 4438 s
256 4405 330 4436 arum

190 4471 203 4530 a
219 4467 272 4513 us.
284 4466 446 4525 x-nopau.
