2946 5002
584 340 680 412 Festo
701 337 893 405 Decembris.
965 391 967 394 .

461 541 562 604 Inrna
583 542 724 604 Oomvas
746 559 853 602 saxon
873 542 1019 600 Anonnn

197 653 249 712 Ad
260 655 393 715 Missam.
439 657 578 733 Officium.

196 734 276 792 Mihi
292 743 400 810 autem,
416 747 443 796 ct
462 747 572 810 cotero;
592 741 667 800 sicut
690 741 725 798 c'a
742 741 797 812 die,
812 747 920 816 prater
937 736 1095 813 Sequentia
1116 742 1142 798 et
1166 734 1270 809 Credo,
1291 735 1341 794 rad

136 835 203 874 cam
216 817 393 893 Praefotioac
408 819 448 877 Et
461 826 500 895 te,
517 821 654 894 Domine,
670 821 851 898 suppliciter.

228 1008 416 1070 Sanoronun
436 1029 608 1073 naarrnuu
630 1014 811 1073 Onnxsanrr
833 1031 871 1072 nr
893 1013 1014 1071 Damni.
1060 1009 1143 1090 (Kal.
1159 1011 1245 1090 Deo.)

199 1122 337 1199 Officium.
380 1128 479 1186 Intret
492 1131 524 1187 in
538 1137 701 1206 conspectu.

195 1204 304 1265 Oratio
347 1209 437 1282 Deus,
453 1212 505 1286 qui
519 1231 571 1269 nos
585 1212 726 1285 concedis,
747 1212 782 1270 ia
797 1209 961 1271 Communi.

195 1285 339 1362 Epistol.
383 1290 485 1348 Sancti
499 1311 550 1368 per
563 1293 660 1350 fidem.¹
992 1297 994 1300 ’

198 1367 333 1430 Grodolc.
377 1370 595 1431 Clamavorunt.

195 1448 363 1526 Alleluya.'
394 1453 422 1510 V.
446 1453 650 1512 Tradiderunt.

194 1530 398 1605 Brooqcliam.
441 1533 628 1592 Descendens
641 1534 736 1594 Jesua

200 1609 389 1684 Offcrtoriam.
432 1614 596 1673 Laetamini.

198 1691 379 1770 Communia
423 1693 589 1754 Multitudo
602 1696 814 1774 languentium.

285 1885 324 1942 In
345 1886 444 1945 Fnsro
465 1903 571 1947 sanem
592 1888 738 1958 Nrcoun,
760 1904 894 1945 nr1s001³1
915 1904 953 1943 nr
974 1900 1180 1945 conrnssoms

619 1968 692 2048 (viii.
710 1970 755 2027 Id.
771 1967 856 2048 Deo.)

195 2045 335 2122 Officium.
379 2049 492 2107 Statuit
506 2051 540 2111 ei

196 2127 306 2186 Oratio,

83 2244 86 2251 ·
194 2207 285 2280 Deus,
307 2210 360 2285 qui
383 2211 503 2268 beatum
527 2211 686 2269 Nicolaum
710 2212 880 2288 pontificem
900 2216 987 2267 tuum
1011 2205 1175 2265 innumeris
1195 2206 1339 2265 decorasti

134 2287 301 2362 miraculis;
321 2290 420 2348 tribue
433 2292 528 2362 nobis,
543 2312 720 2367 quaesumus,
732 2299 767 2351 ut
780 2294 844 2368 ejus
854 2292 968 2348 meritis
979 2297 1009 2347 et
1018 2289 1153 2366 precibus
1166 2308 1185 2346 a
1196 2288 1337 2366 gehennae

134 2368 277 2427 incendiis
291 2371 456 2429 liberemur.
500 2372 560 2429 Per
573 2373 744 2430 Dominum.

194 2449 356 2528 *Memorio
369 2451 547 2510 chdveata
561 2463 586 2510 ct
601 2454 787 2528 denomino,
803 2454 837 2511 dc
855 2461 954 2511 sancto
967 2450 1095 2524 Andron,
1111 2459 1137 2510 et
1151 2449 1185 2509 dc
1197 2448 1339 2509 Omnibus

135 2528 260 2603 Sanctis,
274 2532 318 2589 ool
330 2533 393 2590 alic
407 2534 448 2592 od
453 2534 607 2610 placitura.

194 2612 335 2688 Epistola.
380 2616 454 2672 Ecce
468 2616 608 2673 sacerdos.

197 2691 331 2751 Grodola
375 2695 450 2753 Ecce
464 2697 605 2754 sacerdos.

194 2773 342 2849 Alleluya.
401 2778 430 2835 V.
454 2777 568 2834 Tumba
594 2777 690 2835 sancti
716 2776 836 2835 Nicolai
858 2796 975 2834 sacrum
998 2773 1117 2832 resudat
1138 2773 1236 2835 oleum
1260 2772 1338 2852 quod

134 2872 228 2928 aegros
241 2860 334 2913 sanat.

197 2934 361 3012 Sequentia.

515 3019 739 3095 Oongaudentes
753 3019 935 3076 exsultemus

559 3100 663 3158 Vooali
676 3101 840 3171 concordia,

514 3181 566 3239 Ad
579 3182 659 3238 beati
675 3181 794 3238 Nicolai

555 3263 676 3320 Festiva
689 3261 842 3319 sollemnia
854 3283 860 3319 :

516 3344 575 3413 Qui
588 3344 621 3399 in
634 3343 719 3400 cunis
732 3343 827 3399 adhuc
836 3344 939 3417 jacens

555 3424 706 3483 Servando
715 3423 839 3499 jejunia,

516 3505 548 3562 A
561 3504 672 3581 papilla
686 3505 773 3580 ooepit
787 3524 902 3561 summa

556 3586 723 3643 Promereri
737 3585 851 3660 gaudia.

514 3666 693 3724 Adolescens
707 3666 894 3742 amplexatur

556 3747 740 3804 Litterarum
753 3747 861 3817 studia,

514 3828 643 3885 Alienus
657 3834 687 3884 et
700 3827 841 3884 immunis

554 3908 607 3965 Ab
621 3908 703 3965 omni
713 3908 841 3965 lascivia.

515 3988 602 4046 Felix
616 3988 770 4057 confossor,

555 4070 648 4145 Cujus
664 4069 724 4126 fuit
738 4069 893 4144 dignitatis

555 4150 626 4208 Vox
640 4149 676 4208 do
690 4150 760 4208 caelo
773 4151 881 4208 nuntia
892 4170 901 4223 5

515 4231 575 4290 Per
588 4251 678 4308 quam
691 4239 848 4307 provectus

555 4311 736 4373 Praesulatus
749 4313 927 4370 sublimatur

555 4394 607 4452 Ad
620 4413 736 4452 summa
749 4393 874 4471 fastigia.

601 4521 614 4547 ⁵
631 4520 767 4570 Om-MS.
777 4522 806 4569 G.
