2946 5002
325 366 366 429 M
367 365 447 431 ieecl
463 364 571 450 Offices
587 365 681 452 from
696 364 745 430 the
758 365 896 451 Banpor
911 367 1101 453 Pontificcl.
1247 371 1309 433 335

178 531 317 608 Corporis
335 538 367 590 et
379 532 532 608 sanguinis
544 531 600 603 tui,
615 532 738 590 Domini
757 532 779 589 J
781 552 832 590 esu
854 533 980 604 Christe,
995 542 1210 592 sacramentum
1231 533 1311 610 quod

114 612 187 671 licet
198 612 338 690 indignus
356 613 477 689 accipio,
491 632 551 670 non
570 613 610 669 sit
629 613 704 669 mihi
719 613 833 689 judicio
853 633 907 672 nec
924 616 1171 687 condemnationi,
1193 617 1243 673 scd
1258 621 1312 673 tua

115 694 211 772 prosit
223 694 335 770 pietate
348 693 478 770 corporis
491 694 550 750 mei
563 699 593 750 et
606 694 712 750 animae
725 694 815 751 saluti
828 695 861 750 in
873 695 967 753 vitam
980 703 1129 756 aeternam.
1171 698 1280 754 Amen.

179 791 240 849 Hic
252 791 331 850 diem
344 790 484 849 Sacerdos
496 792 537 848 od
551 790 666 866 Corpus
679 802 836 866 antequam
844 793 990 868 percipiat
1001 818 1011 853 :

178 872 248 930 Ave
260 873 293 928 in
306 878 459 943 aeternum,
472 872 656 929 sanctissima
676 892 751 941 caro,
765 873 840 930 mihi
859 882 928 931 ante
949 875 1048 932 omnia
1068 881 1099 932 et
1112 874 1312 952 superomnia

115 972 235 1011 eumma
246 952 377 1010 dulcedo.
420 953 534 1029 Corpus
554 953 678 1010 Domini
697 955 791 1011 nostri
804 953 826 1011 J
828 974 878 1012 esu
901 955 1014 1012 Christi
1027 956 1067 1012 sit
1079 956 1154 1012 mihi
1166 956 1312 1032 peccatori

117 1033 168 1091 via
181 1040 212 1091 et
224 1034 296 1091 vitu
338 1035 445 1093 Amen.

180 1131 258 1188 Tuan
266 1131 411 1213 percipiat
424 1150 490 1188 curn
503 1151 612 1206 rrucprrc
626 1131 778 1190 dcootrhne.

178 1227 229 1286 Ad
241 1227 428 1304 Sanquirwm.

179 1312 248 1367 Ave
270 1309 303 1366 in
326 1315 478 1382 aetcrnum,
492 1309 615 1367 celestis
635 1316 731 1386 potus,
751 1311 826 1368 mihi
845 1322 915 1369 autc
936 1313 1036 1370 omnia
1055 1319 1085 1370 et
1105 1312 1313 1390 superomnia

118 1408 234 1448 summa
246 1389 377 1448 dulcedo.

179 1470 291 1547 Corpus
305 1478 335 1529 et
349 1470 501 1548 sanguinis
515 1470 638 1527 Domini
651 1472 746 1528 nostri
765 1472 787 1529 J
789 1491 838 1529 esu
861 1473 973 1531 Christi
993 1475 1108 1550 prosint
1128 1475 1202 1532 mihi
1215 1493 1312 1551 pecca-

117 1551 178 1609 tori
190 1551 228 1610 ad
241 1552 404 1609 remedium
417 1552 450 1608 in
465 1551 557 1608 vitam
571 1558 718 1609 aeternam.
761 1552 868 1609 Amen.

178 1650 250 1707 Post
254 1650 387 1726 prtitorem
399 1648 577 1725 effectionem,
592 1649 693 1708 dicct:

180 1729 265 1800 Quod
290 1750 340 1788 ore
363 1730 550 1807 sumpsimus,
577 1729 714 1800 Domine,
743 1735 842 1788 mente
869 1731 1039 1806 capiamus;
1070 1744 1099 1790 et
1126 1733 1163 1790 de
1190 1752 1312 1792 munere

117 1811 273 1888 temporali
287 1813 340 1869 hat
352 1812 437 1869 nohis
450 1811 612 1868 remedium
626 1810 836 1887 sempiternum
851 1812 883 1867 in
897 1812 991 1868 sitam
1005 1819 1154 1870 aternam.
1204 1817 1310 1874 Amen.

178 1909 249 1967 Post
262 1910 419 1967 secundam
433 1908 600 1982 effusionem
610 1932 620 1967 :

178 1989 254 2049 Haec
274 2009 327 2048 nos
348 1988 521 2060 communio,
537 1988 674 2059 Domine,
688 1995 795 2064 purget
816 2009 834 2045 a
854 1989 986 2058 crimine,
1002 1995 1033 2047 et
1053 1990 1176 2048 caelestis
1190 1991 1310 2049 remedii

117 2069 207 2128 faciat
221 2090 282 2128 esse
295 2077 449 2128 consortes.
492 2069 716 2127 PerOh1istum
731 2069 894 2127 Dominum
907 2077 1050 2127 nostrum.

178 2168 250 2225 Post
261 2168 378 2225 tertiam
387 2167 569 2242 finctorem:

179 2247 297 2306 Gratias
310 2247 367 2305 tibi
380 2267 444 2324 ago,
459 2247 597 2320 Domine,
608 2252 708 2305 sancte
722 2247 821 2321 Pater,
835 2248 1023 2324 omnipotens
1036 2254 1145 2306 aeterne
1159 2248 1250 2319 Deus,
1261 2249 1313 2325 qui

118 2348 166 2386 me
178 2328 306 2387 refecisti
319 2329 355 2386 de
368 2327 564 2386 sacratissimo
585 2347 703 2404 corpore
723 2335 754 2386 et
774 2328 917 2406 sanguine
932 2327 1003 2385 Filii
1016 2329 1062 2386 tui
1083 2328 1205 2386 Domini
1218 2329 1314 2387 nostri

117 2409 192 2467 Jesu
217 2409 351 2467 Christi:
379 2416 409 2466 et
430 2428 532 2486 precor
552 2414 588 2465 ut
608 2415 824 2466 sacramentum
844 2408 948 2467 salutis
968 2415 1085 2482 nostrae,
1100 2409 1179 2485 quod
1201 2410 1310 2486 snmpei

118 2489 257 2567 indignus
267 2495 409 2566 peccator,
420 2509 480 2547 non
490 2489 592 2546 veniat
599 2488 719 2546 mihiad
727 2490 875 2566 judicium
883 2508 979 2566 neque
989 2489 1027 2546 ad
1040 2490 1312 2549 condemnationem

118 2590 171 2648 pro
194 2571 308 2628 meritis
333 2571 413 2641 meis,
436 2569 487 2627 sed
509 2569 548 2626 ad
566 2569 729 2646 perfectum
751 2570 881 2648 corporis
904 2571 964 2628 mei
984 2577 1016 2629 et
1037 2570 1143 2628 animae
1166 2570 1205 2631 i·
1219 2570 1310 2629 vitum

119 2657 259 2710 aeternam
271 2671 326 2728 pro
339 2650 539 2709 misericordia
552 2656 614 2707 tua.
655 2651 763 2708 Amen.

178 2750 250 2807 Poet
263 2749 449 2826 ccplcte'oncm
461 2748 500 2805 M
497 2749 562 2806 thece
582 2748 662 2806 dicat
674 2747 816 2807 Sacerdos
824 2773 834 2807 ,·

178 2830 298 2888 Placeat
311 2830 370 2888 tibi
383 2829 492 2888 Sancta
509 2829 649 2900 Trinitas,
664 2829 837 2906 obsequium
850 2829 1006 2888 servitutis
1019 2848 1099 2900 meae,
1114 2835 1145 2887 et
1158 2837 1266 2907 praru
1279 2836 1314 2890 ut

117 2909 173 2968 hoc
186 2912 361 2970 sacrificium
374 2912 453 2988 quod
466 2910 558 2968 oculis
571 2916 631 2968 tuae
644 2911 809 2987 majestatie
824 2910 965 2989 indignus
977 2910 1082 2981 obtuli,
1096 2910 1152 2967 tihi
1165 2911 1206 2969 sit
1215 2930 1313 2989 accep

117 2992 217 3065 utile,
232 2991 365 3068 mihique
378 2997 410 3050 et
422 2992 559 3050 omnibus
571 3011 626 3068 pro
639 2992 746 3068 quibus
759 2991 835 3051 illud
847 2992 954 3064 obtuli,
966 2990 1016 3065 sit,
1026 2998 1058 3050 to
1071 2990 1236 3065 reiteranti,
1249 3012 1312 3070 pro·

117 3072 258 3148 pitiabilc.
303 3073 363 3142 Qui
375 3073 453 3130 vivis
462 3079 493 3131 et
505 3091 619 3148 regnas.

178 3153 282 3210 Trium
299 3172 458 3229 puerorum
479 3159 631 3210 cantemus
658 3152 812 3225 hymnum,
836 3172 923 3229 (luem
951 3151 1112 3211 antchmt
1139 3152 1170 3209 in
1197 3152 1314 3213 «aroino

29 3276 31 3281 -
118 3232 195 3310 ignis
208 3233 415 3292 benedicentes
427 3233 597 3291 Dominum.

177 3330 227 3388 Pe.
251 3330 431 3403 Benedicite‚
445 3329 617 3402 sacerdotes,
632 3328 762 3387 Domino
777 3328 848 3389 Deo.

178 3410 229 3468 Ps.
252 3410 386 3468 Laudato
399 3409 562 3469 Dominum
575 3410 608 3467 in
621 3409 732 3468 sanctis
744 3410 816 3483 ojus.

179 3491 227 3548 Pe.
250 3490 341 3549 Nunc
354 3491 489 3549 dimittis

358 3571 461 3630 Gloria
473 3570 566 3629 Patri
609 3569 694 3629 Sicut
706 3578 777 3629 citit.

359 3652 450 3711 Pater
462 3658 569 3711 nostor.
613 3651 654 3709 he
667 3670 705 3711 ne
717 3670 780 3709 nos.

358 3732 489 3792 Ostende
501 3731 596 3804 nobis,

360 3813 432 3873 Non
443 3813 545 3872 intrea

359 3893 431 3953 Non
443 3893 536 3953 nobie.

358 3975 487 4035 Domine
500 3974 583 4033 Deue
595 3973 752 4033 virtutum.

358 4055 486 4116 Domine
500 4053 616 4115 exaudi.

358 4135 505 4198 Dominus
518 4135 677 4197 vobiscum

177 4229 269 4303 Deus,
284 4231 336 4308 qui
347 4233 443 4294 tribue
462 4233 562 4313 pucrie
570 4231 716 4314 mitigasti
729 4232 863 4295 domm
879 4232 1003 4311 initium,
1016 4232 1143 4293 maele
1155 4234 1310 4317 propritim,

116 4316 152 4368 ut
163 4330 218 4389 per
229 4311 431 4375 interventum
443 4316 538 4377 beate
557 4313 664 4376 nene
682 4334 799 4397 semper
809 4314 936 4397 vitatote
947 4320 980 4375 et
994 4313 1126 4375 omniurn
1140 4322 1307 4381 murrum

115 4396 878 4532 poribmctmeriteeorumnoehmuloatueem
897 4398 1008 4459 exunt
1025 4392 1307 4467 resumtum

142 4493 175 4532 01¹
219 4493 358 4537 ominum.
