2946 5002
641 297 738 406 lac
759 297 921 404 roure.

301 465 426 544 Reginae
439 464 587 522 incestum
600 464 746 523 damnans
758 469 848 542 turpe
860 464 1019 542 flagitium,

301 546 400 605 Probe
412 545 569 622 increpans
582 550 765 622 praeceptum
778 550 883 605 contra
896 546 970 625 legis
983 545 1176 621 connubium,

300 627 517 699 Incarceratur‚
533 625 582 684 cui
596 645 664 684 cara
677 631 723 684 est
736 627 855 687 veritas.

302 707 470 765 Insidiatur
483 727 551 765 cum
565 707 628 765 filia
641 706 811 767 Her-odias:

305 787 331 847 Ο
345 807 415 846 vere
429 788 561 859 scelesta,
578 787 604 847 Ο
618 807 687 846 vere
701 807 780 846 saeva
792 787 905 847 femina
913 806 924 862 3

304 868 331 928 Ο
345 869 486 927 saltatrix
499 869 572 941 dira,
589 868 615 928 Ο
629 868 748 926 funesta
760 867 916 943 convivia3

302 948 468 1008 Cruentata
481 954 673 1026 pertrunoata
686 951 818 1008 membra
830 949 1016 1026 prophetalia
1023 968 1034 1025 ;

304 1030 330 1090 O
346 1032 467 1089 beatum
481 1037 570 1107 caput
582 1031 765 1107 dignumque
777 1031 955 1103 reverentie,

305 1110 392 1181 Quod
406 1111 441 1170 in
453 1111 533 1170 disco
548 1111 639 1169 matri
651 1110 725 1169 tulit
737 1111 838 1169 feralis
851 1111 960 1183 bellua,

304 1192 392 1264 Quod
406 1197 469 1250 tam
482 1192 594 1250 multos
606 1191 792 1250 instruxerat
805 1192 842 1250 de
856 1191 969 1250 Christi
981 1191 1099 1251 notitia

302 1272 359 1346 uu,
381 1278 482 1331 sancte
502 1279 603 1331 noster
622 1278 756 1351 patrene,
770 1274 804 1331 in
823 1273 934 1332 cethem
950 1273 1017 1351 jam
1033 1273 1147 1333 laetaris
1173 1293 1243 1332 cum
1267 1272 1387 1332 Christo

404 1354 572 1413 erenniter:

302 1435 363 1493 Pro
376 1374 513 1493 imitatis
526 1454 626 1492 amore
640 1435 673 1491 in
686 1434 798 1492 honore
811 1433 951 1513 martyrii
963 1434 1121 1513 praefulges
1133 1434 1277 1494 feliciter:

303 1517 387 1574 Hinc
400 1535 516 1574 summa
530 1515 645 1592 pollens
658 1515 762 1593 gloria,

302 1596 481 1655 Sanctorum
494 1597 575 1654 inter
587 1596 690 1669 millia,

304 1677 421 1748 Quibus
434 1697 489 1735 nos
502 1678 551 1754 pie
567 1677 654 1738 socia.

241 1793 444 1867 Eccnpcllum.
486 1791 656 1851 Secundam
671 1790 808 1851 Marcum
821 1791 879 1869 (vi.
897 1791 1012 1871 17-29).

243 1874 281 1931 In
303 1873 357 1931 illo
378 1879 520 1950 tempore,
539 1873 628 1931 Misit
649 1872 794 1949 Herodes,
814 1879 846 1933 et
864 1873 964 1932 tenuit
986 1873 1158 1932 Johannem
1177 1893 1270 1951 aspare
1291 1873 1335 1934 acl
1355 1880 1386 1933 et

181 1961 346 2032 posuerunt
359 1954 435 2012 illud
449 1955 483 2011 in
496 1961 698 2013 monumento.

244 2035 348 2094 Credo·

244 2115 439 2190 Offiroriom.
481 2115 590 2174 Justus
603 2122 639 2174 ut
652 2115 758 2193 palma

243 2197 367 2256 Secreta.

243 2278 374 2336 Munera
386 2277 452 2348 tibi,
468 2276 607 2348 Domine,
622 2296 688 2353 quse
701 2296 756 2353 pro
770 2277 866 2335 sancti
878 2275 902 2336 J
902 2276 1027 2336 ohannis
1040 2277 1188 2354 Baptistae
1200 2283 1232 2336 et
1244 2279 1387 2354 martyris

183 2360 230 2417 tui
253 2359 387 2435 passione
415 2358 585 2428 deferimus,
606 2359 659 2434 qui
683 2358 755 2416 dum
780 2359 886 2416 finitur
909 2359 941 2415 in
965 2358 1063 2432 terris,
1083 2359 1181 2417 factus
1206 2365 1252 2418 est
1275 2360 1385 2418 caelesti

182 2441 251 2498 sede
265 2446 435 2517 perpetuae,
454 2459 632 2516 quaesumus,
647 2445 682 2496 ut
696 2440 759 2515 ejus
779 2440 906 2498 obtentu
918 2438 1005 2499 nobis
1021 2440 1179 2518 proficiant
1191 2440 1230 2498 ad
1247 2441 1382 2499 salutem.

185 2522 245 2580 Per
258 2521 431 2578 Dominum.
1285 2534 1288 2543 '

242 2599 316 2659 Alio
329 2601 444 2660 Secreta
457 2601 492 2659 dc
505 2609 607 2658 sancta
620 2599 741 2672 Sabina,
756 2601 878 2676 vimine.

245 2683 369 2740 Hostias
389 2682 455 2754 tibi,
471 2682 610 2752 Domine,
632 2685 725 2739 beatae
750 2681 868 2740 Sabinae
891 2681 1032 2758 martyris
1054 2686 1116 2740 tuae
1137 2682 1249 2741 dicatas
1272 2682 1387 2740 meritis

184 2763 332 2840 benignus
350 2782 474 2836 assume,
491 2768 522 2820 et
541 2762 580 2819 ad
600 2767 776 2839 perpetuum
799 2762 885 2821 nobis
908 2763 1008 2822 tribue
1030 2763 1189 2841 provenire
1212 2764 1385 2824 subsidium

185 2844 429 2984 Perb'mnmunio.
473 2923 587 3001 Magna
600 2930 646 2982 est
659 2923 762 3000 gloria.

245 3018 493 3168 giiiiieiiiltniiblbii,
508 3097 646 3168 Domine,
660 3097 757 3155 sancti
769 3096 792 3155 J
792 3097 918 3155 ohannis
938 3097 1082 3175 Baptistae
1100 3103 1262 3176 utrumque
1274 3098 1389 3157 sollem-

184 3180 273 3253 nitas,
288 3185 323 3236 ut
336 3179 492 3255 magnifica
512 3186 696 3236 sacramenta
716 3199 781 3256 quae
801 3179 980 3255 sumpsimus
1000 3179 1185 3238 sanctificata
1203 3199 1387 3253 veneremur,

183 3266 215 3319 et
228 3261 261 3318 in
274 3261 360 3318 nobis
373 3261 473 3336 potius
487 3260 568 3318 edita
580 3260 767 3335 gaudeamus
809 3259 869 3317 Per
882 3260 1054 3319 Dominum.

244 3353 319 3411 Alia
332 3353 569 3412 Poetcommunio
582 3354 618 3410 dc
632 3363 734 3412 sarecto
746 3352 868 3427 Sabina,
882 3353 1003 3428 vimine.

245 3435 354 3493 Divini
378 3434 509 3492 muneris
532 3435 669 3510 largitate
693 3435 804 3506 satiati,
824 3454 1001 3511 quaesumus,
1022 3433 1151 3493 Domine
1171 3435 1255 3494 Deus
1278 3440 1387 3508 noster,

184 3523 220 3610 ut
233 3516 435 3655 intercedelrpte
449 3516 536 3573 beata
550 3515 661 3573 Sabina
674 3522 805 3594 martyre
818 3522 872 3573 tua
883 3515 917 3572 in
931 3516 1021 3592 hujus
1034 3535 1150 3594 semper
1161 3516 1389 3594 participatione

184 3617 328 3656 vivamus
398 3616 439 3656 er.

303 3825 417 3883 Eonan
437 3840 492 3881 om
512 3839 634 3881 sarcum
654 3822 788 3896 Sume,
810 3822 976 3882 visanum*
1019 3822 1071 3904 (iv.
1088 3823 1158 3884 Kal.
1175 3823 1270 3902 Sept.)

245 3969 385 4043 Officium.
430 3967 571 4042 cognovi,
588 3965 727 4024 Domine.

242 4049 386 4125 Epistola.
430 4047 560 4105 Domine
574 4047 664 4104 Deus.

244 4130 379 4188 Gradcle.
423 4129 526 4204 Specie
540 4134 601 4185 tua

243 4211 393 4288 Alleluya.
443 4210 473 4270 V.
495 4209 643 4293 AEmulop.

242 4370 255 4395 '⁴
270 4369 345 4415 From
355 4368 409 4414 MS.
420 4368 448 4414 F.
481 4369 534 4414 The
550 4363 619 4414 othc'r
630 4366 704 4415 MSS.
715 4367 763 4414 and
777 4367 838 4414 Edd.
850 4367 909 4430 only
918 4366 976 4428 give
990 4367 1031 4415 the
1043 4366 1142 4428 collect,
1153 4367 1242 4430 Secrct,
1253 4368 1300 4417 and
1316 4371 1386 4418 Post-

183 4429 373 4476 communiones
384 4427 521 4486 Memoriae,
532 4440 559 4474 as
569 4427 652 4475 above.
