2946 5002
628 329 726 394 Festa
748 328 851 394 Joltt.
1299 335 1364 396 63..

138 498 301 575 uagantem
311 497 349 554 de
362 495 509 574 profundo
522 496 619 572 pelagi
632 495 790 568 liberavit,
809 495 918 554 exaudi
930 515 985 553 nos
997 495 1154 573 propitius,
1166 503 1196 554 et
1206 497 1340 570 concede,

138 584 170 636 nt
182 580 339 637 amborum
352 577 468 635 meritis
482 577 658 634 aeternitatis
671 576 795 654 gloriam
809 596 1030 653 consequamur.
1074 578 1135 648 Qui
1147 577 1233 638 vivis.

194 671 339 748 Epistola.
384 671 429 727 Hi
442 678 513 726 sunt
526 669 585 726 viri
598 670 812 728 misericordiae.

197 763 333 822 modat.
376 763 398 820 J
401 773 536 820 ustorum
549 763 664 820 animae.

195 845 344 921 Alleluya.
408 845 437 902 V.
474 844 532 900 Isti
560 850 631 901 sunt
658 844 723 900 duae
754 843 848 913 olivae,
878 863 973 919 qaaera
1000 844 1034 901 ia
1060 844 1145 903 Festo
1173 855 1340 905 sanctorum

140 924 286 984 lobannis
299 935 325 983 ct
339 924 439 982 Pauli.

195 1018 360 1095 Sequentia,
376 1026 410 1074 at
424 1037 516 1093 supro
529 1015 614 1091 infra
629 1016 751 1074 Octavus
764 1016 968 1093 Apostobrum
981 1025 1110 1076 notatur.

197 1111 364 1170 &undam
378 1111 553 1168 Mottlaaeum
566 1110 640 1187 (aio.
659 1110 778 1186 22-33).

197 1192 236 1250 In
248 1192 300 1250 illo
318 1199 458 1268 tempore,
473 1193 495 1249 J
498 1192 571 1248 ussit
588 1191 610 1248 J
611 1211 678 1249 esus
695 1191 853 1268 discipulos
866 1211 935 1249 suos
948 1192 1102 1250 ascendere
1118 1193 1151 1250 in
1172 1190 1340 1251 naviculam

141 1273 390 1412 arqassarpddoDilius
405 1272 463 1329 Dei
477 1293 514 1330 es

199 1445 392 1521 offertorium.
435 1445 648 1503 Exsultabunt.

198 1539 356 1678 gelidiitirius
378 1619 443 1691 tibi,
463 1618 600 1691 Domine,
623 1636 721 1694 preces
744 1625 775 1675 et
802 1638 933 1689 munera,
949 1639 1015 1696 quae
1037 1626 1072 1676 ut
1094 1626 1146 1677 tuo
1168 1620 1259 1698 digna
1278 1620 1340 1680 sint

141 1708 293 1778 conspectu
306 1701 507 1777 apostolorum
522 1708 651 1770 tuorum,
666 1718 841 1774 quaesumus,
856 1702 991 1776 precibus
1005 1701 1188 1776 adjuvemur.
1231 1701 1297 1762 Per.

196 1795 346 1870 Praesotio.
390 1794 431 1851 Et
445 1800 484 1865 te,
500 1793 636 1865 Domine,
652 1793 833 1869 suppliciter.

198 1887 376 1947 Coruncanio.
419 1886 441 1943 J
443 1893 576 1943 ustorum
590 1886 704 1944 animae.

197 1981 438 2039 Poatcommunio.

197 2062 331 2138 Protege,
347 2061 485 2131 Domine,
505 2060 648 2136 populum
669 2066 757 2116 tuum
779 2064 809 2117 et
830 2060 1031 2135 apostolorum
1055 2065 1176 2118 tuorum
1202 2060 1287 2120 Petri
1308 2070 1339 2121 et

140 2141 225 2202 Pauli
238 2142 401 2220 patrocinio
416 2142 612 2198 confidentem
626 2150 769 2217 perpetua
782 2140 952 2229 defensione
966 2160 1113 2200 conserva.
1155 2141 1222 2203 Per.

177 2370 216 2427 Iu
236 2369 472 2427 Taausmuiosa
493 2383 598 2425 sanem
619 2367 749 2439 Taena,
770 2385 1001 2427 aacnmmscom
1023 2369 1278 2432 Gaurumnasrs.

644 2465 736 2543 (Non.
751 2465 774 2524 J
775 2465 831 2544 ul.)
895 2502 899 2509 ·

197 2585 338 2661 Officium.
381 2583 547 2640 Laetabitur
555 2584 664 2658 justus.

197 2679 307 2736 Oratio.
1169 2718 1171 2723 .

197 2760 287 2830 Deus,
313 2759 365 2836 qui
392 2757 477 2814 nobis
504 2756 728 2814 translationem
756 2757 836 2815 beati
863 2757 982 2815 Thomae
1009 2759 1149 2836 martyris
1176 2760 1224 2818 tui
1249 2768 1339 2840 atque

136 2842 282 2921 pontilicis
296 2841 442 2897 celebrare
456 2839 599 2909 concedis,
613 2844 645 2894 te
664 2838 837 2914 suppliciter
854 2858 1018 2911 exoramus,
1034 2846 1069 2896 ut
1090 2841 1288 2916 ejus-meritis
1308 2848 1340 2902 et

136 2922 270 2998 precibus
284 2942 302 2977 a
315 2921 399 2977 vitiis
412 2920 450 2976 ad
464 2919 591 2976 virtutes
606 2925 636 2976 ot
649 2939 667 2976 a
680 2938 794 2976 carcere
812 2922 1025 2978 transferamur
1046 2920 1083 2978 ad
1105 2941 1237 3000 regnum.
1280 2924 1340 2983 Per

137 3003 308 3061 Dominum.

197 3083 338 3159 Epistola.
381 3082 403 3139 J
405 3089 488 3140 ustus
502 3081 527 3138 si
540 3086 643 3138 morte.

198 3163 332 3221 Grodalc.
375 3163 397 3220 J
400 3173 482 3220 ustus
497 3171 532 3219 ut
545 3162 651 3237 palma.

196 3245 345 3320 Alleluya.
395 3244 423 3301 V.
446 3244 468 3301 J
472 3250 553 3301 ustus
569 3261 627 3298 uon
641 3242 873 3299 conturbabitur.

196 3337 359 3413 Sequentia.
403 3336 460 3413 Spe
474 3335 624 3405 mercedis,
637 3343 672 3391 at
685 3335 719 3392 ia
732 3335 791 3393 alio
804 3335 897 3407 Festo,
910 3335 1023 3410 require
1036 3335 1070 3393 ia
1083 3337 1142 3395 alio
1155 3337 1218 3413 ejus
1230 3339 1321 3398 Festo.

196 3431 397 3506 Dooaqelium.
440 3431 505 3506 Ego
526 3449 592 3486 sum
612 3434 712 3506 pastor
733 3429 837 3501 bonus,
855 3428 969 3503 require
986 3429 1021 3486 ia
1034 3429 1192 3489 Dominicis
1213 3435 1338 3492 secundo

131 3523 199 3591 post
214 3513 335 3570 Pascha.

199 3606 389 3679 offertorium.
433 3602 571 3674 Posuisti,
587 3601 723 3660 Domine.

197 3700 317 3756 Secreto.

197 3780 288 3850 Deus,
306 3780 358 3854 qui
379 3797 486 3854 panem
508 3784 539 3834 et
562 3777 667 3832 vinum
690 3775 724 3832 in
745 3795 850 3852 corpus
871 3781 959 3833 tuum
981 3782 1011 3835 et
1035 3777 1206 3854 sanguinem
1229 3780 1338 3839 caelesti

136 3861 340 3919 benedictione
367 3859 522 3928 convertis,
546 3857 670 3914 concede
698 3857 844 3934 propitius
871 3864 906 3914 ut
933 3857 970 3914 ad
997 3865 1081 3916 tuam
1108 3858 1337 3920 misericordiam

136 3948 319 4001 recurrentes
332 3947 384 3997 tuo
399 3941 506 4016 placito
520 3937 744 3997 conformemur.
788 3937 848 4007 Qui
861 3938 946 3996 vivis.

198 4033 379 4093 Communia.
422 4033 534 4109 Magna
547 4037 600 4088 est

198 4126 439 4186 Postoomma'aio.

197 4209 288 4280 Deus,
313 4209 365 4284 qui
389 4211 507 4262 beatum
534 4204 677 4261 Thomam
704 4209 867 4280 martyrem
893 4209 979 4261 tuum
1006 4210 1096 4280 atque
1123 4205 1293 4281 pontificem
1320 4231 1338 4268 a

137 4290 288 4366 suppliciis
302 4290 340 4346 ad
356 4288 464 4364 gaudia
480 4285 670 4358 transtulisti,
686 4285 786 4342 tribue
800 4303 976 4359 quaesumus,
991 4292 1025 4342 ut
1044 4285 1096 4361 qui
1113 4287 1338 4350 translationem

136 4373 200 4446 ejus
213 4390 389 4428 veneramur
402 4369 434 4425 in
447 4368 536 4425 terris
549 4386 601 4444 per
613 4366 677 4442 ejus
693 4364 890 4444 patrocinium
910 4365 947 4423 ad
969 4363 1095 4426 coelcstia
1115 4367 1335 4432 transferamur.

137 4452 205 4512 Per.
