2946 5002
141 432 183 494 38
638 427 735 493 Festa
749 426 850 492 Merit.

200 594 461 654 heimmeramo*

201 677 384 749 Quaesumus
405 677 590 752 omnipotens
609 676 699 747 Deus,
719 680 754 732 ut
776 675 828 751 qui
846 674 973 732 caelestia
994 673 1137 732 alimenta
1154 674 1348 751 percepimus,

140 757 391 815 intercedentibus
410 757 518 814 sanctis
540 756 600 814 tuis
619 756 769 814 Gordiano
791 761 880 831 atque
900 755 1071 832 Epimacho,
1085 774 1139 831 per
1160 754 1223 812 haee
1245 760 1348 812 contra

140 839 240 896 omnia
254 838 375 895 adversa
388 839 566 895 muniamur.
610 837 669 894 Per
682 836 855 893 Dominum.

262 1041 450 1099 Saucroauu
472 1058 643 1099 usurruuu
665 1041 780 1111 Naum,
802 1041 968 1114 Aeurnnnr,
990 1059 1027 1099 ur
1048 1041 1230 1101 Periculum.

623 1136 856 1217 riardus.)
1170 1124 1174 1134 “

203 1219 342 1292 Officium.

201 1300 275 1356 Dece
290 1299 368 1356 oculi
382 1299 506 1356 Domini
520 1319 607 1375 super
617 1300 757 1357 timentes
771 1319 846 1372 eum,
859 1306 1009 1376 sperantes
1019 1300 1052 1357 in
1063 1300 1263 1358 misericordia
1273 1301 1346 1376 ejus,

45 1370 48 1380 ¹
140 1380 287 1455 alleluya:
313 1387 348 1437 ut
367 1381 473 1456 eripiat
491 1400 509 1437 a
526 1387 621 1437 morte
642 1381 755 1438 animas
777 1401 878 1438 eorum
889 1402 898 1454 3
928 1382 1067 1456 quoniam
1090 1382 1209 1457 adjutor
1230 1391 1262 1438 et
1282 1400 1347 1458 pro-

140 1466 234 1518 tector
247 1467 348 1517 noster
361 1468 412 1525 est,
427 1460 563 1536 alleluya,
578 1460 711 1537 alleluya.

199 1542 345 1599 Parlmua
389 1541 546 1598 Exsidtate
562 1542 638 1617 justi
654 1543 688 1600 in
702 1542 849 1600 Domino:
869 1547 965 1600 rectos
979 1543 1062 1600 decet
1076 1542 1263 1601 collaudatio.

202 1622 311 1680 Oratio
915 1651 918 1657 ·

200 1703 323 1774 Praesta,
332 1723 508 1779 quaesumus,
520 1703 706 1780 omnipotens
715 1705 805 1777 Deus,
818 1710 854 1761 ut
864 1705 916 1780 qui
926 1705 1080 1762 beatorum
1090 1705 1191 1777 Nerei,
1202 1703 1343 1778 Achillei,

138 1790 228 1860 atque
252 1784 405 1842 Pancratii
429 1791 594 1861 martyrum
616 1791 737 1843 tuorum
763 1784 902 1842 natalitia
929 1785 1060 1857 colimus,
1084 1807 1101 1842 a
1124 1787 1238 1842 cunctis
1260 1785 1345 1843 malis

138 1866 363 1924 imminentibus
377 1885 478 1924 eorum
492 1867 750 1924 intercessionibus
763 1866 930 1925 liberemur.
974 1867 1033 1924 Per
1050 1867 1222 1924 Dominum.

199 1947 284 2022 Epist
274 1948 339 2005 talu
382 1947 404 2004 J
406 1948 487 2005 usti
479 1969 511 2004 111
525 1956 709 2024 perpetuum.

198 2028 346 2104 Alleluya.
397 2028 426 2087 V.
450 2029 539 2087 'Justi
552 2029 719 2104 epulentur.

197 2109 347 2184 Alleluya.
397 2109 426 2167 V.
456 2110 584 2185 Surgens
598 2109 620 2166 J
622 2129 687 2167 esus
702 2109 849 2166 Dominus
865 2115 974 2182 noster,
989 2109 1098 2166 stans
1090 2129 1123 2166 in
1141 2109 1239 2166 medio
1261 2063 1346 2166 disci-

137 2189 284 2268 pulorum,
301 2190 418 2247 dixit
394 2210 453 2262 ens3
475 2190 540 2247 Pax
553 2191 655 2247 vobis:
676 2191 720 2247 uel
732 2192 767 2247 de
780 2189 961 2267 Asceasimrc.

197 2271 400 2344 Evangeliam.
443 2271 517 2327 Ecce
532 2290 584 2345 ego
598 2272 668 2327 mitt
657 2278 687 2327 to
701 2290 763 2343 vos,
777 2291 871 2346 quaere
885 2272 919 2329 io
933 2271 1018 2328 Festo
1030 2271 1123 2328 unius
1136 2271 1265 2347 apostoli.

200 2350 393 2424 Offirtoriam.
438 2351 675 2410 Confitebuntur.

197 2432 319 2491 Secreta.

198 2512 374 2570 Sanctorum
396 2519 560 2587 martyrum
583 2519 713 2582 tuorum,
735 2513 873 2586 Domine,
892 2513 993 2585 Nerei,
1008 2513 1195 2586 Achillei,at
1164 2533 1254 2590 aque
1269 2514 1344 2571 Pan-

137 2595 223 2650 cratii
237 2594 295 2651 tibi
307 2600 393 2670 grata
406 2594 555 2664 confessio,
571 2601 601 2651 et
621 2613 744 2652 munera
762 2600 864 2652 nostra
884 2595 1077 2666 commendet,
1101 2600 1132 2653 et
1153 2601 1237 2652 tuam
1259 2596 1343 2651 nobis

135 2674 353 2750 indulgentiam
367 2694 481 2750 semper
494 2675 640 2750 imploret
684 2676 742 2732 Per
756 2676 928 2733 Dominum.

200 2755 382 2813 Communia.

117 2851 118 2854 ’
198 2836 354 2912 Gaudetej
360 2837 440 2894 usti
431 2857 464 2892 m
479 2837 617 2910 Domino,
633 2837 777 2914 alleluya
797 2844 859 2894 rect
861 2857 892 2894 os
847 2837 990 2895 tdecet
1003 2837 1190 2910 collaudatiO,
1206 2836 1341 2913 alleluya.

198 2917 269 2974 Post
259 2918 440 2975 tcommaur'a

199 2998 382 3067 Quaesumus,
412 2998 548 3070 Domine,
579 3004 613 3055 ut
641 3001 796 3056 beatorum
830 3005 996 3075 martyrum
1030 3005 1151 3056 tuorum
1179 2999 1281 3070 Nerei,
1313 3006 1343 3056 et

136 3077 276 3150 Achillei,
303 3085 332 3136 et
364 3080 517 3136 Pancratii
549 3080 804 3156 deprecationibus
838 3088 1019 3138 sacramenta
1053 3101 1118 3156 quae
1153 3081 1343 3155 sumpsimus,

137 3160 174 3217 ad
196 3166 256 3216 tuae
279 3161 364 3217 nobis
385 3161 540 3237 proficiant
562 3161 736 3238 placationis
757 3167 958 3238 augmentum.
1009 3161 1068 3218 Per
1088 3162 1276 3219 Dominum.

211 3343 324 3401 Sauum
346 3344 518 3414 Duusrsm,
542 3363 677 3405 narseum
699 3364 737 3405 nr
757 3364 964 3406 courussoms.
1010 3347 1083 3426 (xiv.
1100 3348 1170 3406 Kal.
1186 3349 1274 3427 Jun.)

200 3465 341 3540 Officium.
385 3467 507 3523 Statuit.

200 3548 310 3605 Oratio,
355 3547 411 3617 Da,
428 3568 603 3622 quaesumus.

197 3627 340 3704 Epistola.
383 3629 458 3686 Ecce
472 3629 612 3686 sacerdos.

197 3710 346 3784 Alleluya.
396 3710 423 3766 V.
445 3709 517 3767 Just
518 3731 552 3767 us
565 3709 751 3786 germinabit.

198 3791 346 3865 Alleluya.
396 3790 585 3850 VSurrexit
599 3791 745 3862 Christus,
761 3791 814 3866 qui
827 3793 938 3849 creavit
952 3792 1074 3850 omnia:
1101 3799 1131 3850 et
1144 3792 1284 3852 misertus
1298 3802 1342 3878 est

136 3871 266 3928 humano
280 3871 397 3947 generi:
419 3872 463 3929 ccl
475 3874 510 3929 de
524 3872 703 3931 Accessisse

196 3952 398 4028 Eouayelc'am.
442 3953 542 4009 Homo
556 3953 677 4028 quidam
691 3972 818 4030 peregre.

198 4032 287 4107 Offirrt
289 4035 392 4091 oricum.
437 4034 546 4090 Inveni
560 4033 667 4091 David.

197 4112 376 4174 Communia
420 4115 531 4171 Beatus
545 4133 655 4172 servus.

195 4195 231 4251 Si
258 4205 339 4253 extra
367 4205 478 4272 tempus
502 4195 640 4253 Praebulc
666 4196 796 4267 evenerit,
823 4204 893 4254 tuac
916 4197 1035 4254 dicatur
1058 4197 1195 4268 Gradula
1219 4198 1342 4257 Juravit

137 4275 291 4333 Dominus

194 4387 312 4432 MSD
290 4389 536 4434 -DPostccmmuaia
567 4389 655 4446 Refice,
670 4402 816 4447 quaesumus,
831 4390 939 4447 Domine,
955 4391 1072 4450 populum
1087 4395 1156 4436 tuum
1172 4392 1342 4450 spiritualibus

133 4446 260 4549 {limanda
276 4452 300 4492 et
318 4462 420 4506 quorum
440 4449 528 4494 tribuis
546 4423 670 4494 sollemnia
694 4449 823 4505 celebrare,
843 4448 881 4493 fac
907 4463 990 4494 eorum
1010 4449 1103 4507 gaudiis
1122 4451 1260 4496 interesse.
1295 4453 1341 4497 Per

160 4519 273 4551 omrnum.

194 4565 231 4610 Aa
246 4565 340 4611 Sarum.
