2946 5002
178 385 242 452 296
722 382 839 448 Prosae.

177 547 210 605 Is
223 568 275 606 nos
288 549 406 626 antiqui
419 569 437 606 a
450 549 595 626 serpentis
608 549 715 607 liberet
728 549 877 606 dementia
889 568 905 622 3·

176 629 249 687 Esse
262 631 314 706 qui
328 636 435 688 cuncta
448 629 542 706 gloria
555 636 585 688 et
598 630 778 706 sophismata
791 630 952 707 perfecerat
964 650 1072 709 magna

177 711 310 786 Agmina
323 731 437 787 semper
450 712 555 782 caelica.

180 791 277 860 Quam
291 793 377 850 beata
390 799 559 849 sanctorum
573 798 644 849 sunt
657 792 783 868 agmina.

180 870 288 948 Capiat
301 873 383 949 plebs
398 880 499 930 nostra
512 873 560 930 hie
574 879 605 930 et
618 873 651 929 in
664 873 742 930 caelis
755 873 886 949 gloriam,

180 953 222 1009 Et
236 973 289 1010 nos
303 954 389 1010 modo
403 973 462 1011 una
476 953 580 1011 dantes
594 974 703 1030 organa
716 973 882 1011 consonora.

181 1032 207 1090 Ο
221 1033 297 1090 mira
310 1034 388 1092 dona
401 1041 432 1092 et
442 1035 526 1091 nobis
539 1037 671 1110 gratuita
684 1035 767 1092 dedit
779 1034 908 1092 remedia
919 1054 928 1108 3

180 1113 291 1171 Filium
305 1117 427 1172 unicum
440 1117 522 1172 misit
535 1116 568 1171 in
581 1122 667 1172 terra.

181 1195 279 1264 Quam
292 1197 420 1271 petimus
434 1196 579 1272 supplices

180 1275 358 1333 Trinitatem
371 1284 513 1348 sanctam,
529 1296 587 1353 quo
597 1278 727 1352 praebeat
739 1277 825 1334 nobis
838 1277 871 1333 in
883 1277 977 1353 gloria
990 1283 1100 1335 aeterna
1113 1277 1232 1349 omnia;

182 1355 390 1413 custodiamus
405 1357 733 1427 ca1·itatem‚teneamus
747 1357 914 1415 castitatem
928 1360 1043 1416 bonam.

181 1436 342 1512 {Fidemque
356 1438 575 1496 immaculatam
588 1438 745 1496 reddamus
758 1438 878 1505 salvam.

711 1729 853 1790 XXXV.

451 1879 547 1936 Proca
560 1895 601 1935 nn
615 1895 750 1937 cnurnus
766 1879 949 1936 Sanorrsad
963 1879 1104 1937 Pretiosa

242 1985 393 2060 Alleluya.

179 2086 443 2144 nassamones
457 2099 570 2140 nunnae
584 2088 760 2159 concrepent
774 2083 908 2158 alleluya.

180 2169 220 2222 ln
234 2167 280 2222 die
293 2167 348 2221 hac
362 2172 554 2236 sacrosancta,
569 2165 678 2221 sanctis
692 2164 829 2220 omnibus
842 2163 1015 2239 splendida;

182 2246 255 2315 Quae
269 2246 353 2302 nobis
367 2251 451 2302 extat
464 2265 572 2317 annua,
588 2245 638 2302 sed
652 2245 698 2301 his
713 2251 757 2301 est
770 2244 917 2302 continua.

180 2327 265 2384 Celsa
278 2326 449 2402 angelorum
463 2326 582 2401 agmina
594 2326 682 2382 laude
692 2325 822 2400 jocunda
837 2325 955 2382 Christo
969 2325 1114 2383 resultent
1127 2344 1257 2400 organa:

183 2407 396 2482 Mundanaque
410 2406 611 2464 modulamina

182 2490 204 2546 J
205 2508 253 2545 am
267 2508 346 2545 nuno
360 2488 500 2544 intonant
513 2487 659 2564 praeconia
672 2507 739 2545 oum
753 2487 867 2543 laetitia.

183 2570 255 2638 Quae
283 2589 372 2644 supra
402 2568 497 2625 sidera
527 2569 658 2644 pulchra,
687 2567 833 2644 profunda
860 2588 925 2643 quac
953 2573 1032 2638 sunt,
1065 2568 1234 2625 omnimoda
1261 2567 1387 2626 laudum

263 2670 379 2726 genera,

186 2731 376 2788 Proclamant
389 2749 459 2786 voce
473 2750 578 2786 sonora

182 2811 334 2869 Christum
349 2811 510 2867 Dominum
525 2810 678 2867 laudantia
691 2830 744 2885 per
757 2809 863 2866 saecula
877 2811 988 2867 omnia:

184 2892 244 2962 Qui
257 2898 427 2949 sanctorum
440 2891 533 2966 gloria
547 2898 635 2947 estet
649 2890 781 2961 victoria,
797 2891 861 2946 laus
874 2898 904 2947 et
918 2911 1032 2961 corona,
1048 2891 1102 2947 lux
1115 2896 1205 2967 atque
1218 2891 1344 2949 laetitia:

184 2974 332 3030 Praestans
342 2972 401 3028 illis
414 2972 487 3028 talia
500 2990 588 3027 aurea
602 2971 721 3047 praemia
735 2991 800 3046 quae
815 2991 874 3027 vox
887 2972 1017 3028 humana
1026 2991 1087 3029 non
1100 2973 1229 3048 explicat
1243 2973 1350 3049 aliqua

185 3053 311 3111 Ostella
332 3053 421 3109 maris
441 3052 560 3127 inclyta,
577 3052 602 3109 Ο
618 3052 744 3123 domina,
759 3053 864 3109 mundi
882 3053 992 3128 regina,
1008 3053 1141 3110 oratione
1159 3054 1209 3128 pia
1229 3060 1263 3109 tu
1283 3061 1388 3111 nostra

265 3134 352 3191 ablue
365 3133 503 3205 facinora,

184 3215 323 3272 Donante
337 3215 395 3271 Dei
408 3215 521 3291 gratia:

184 3298 277 3372 Cujus
291 3316 372 3354 sacra
385 3296 512 3352 rutilent
526 3296 611 3366 dona,
627 3295 710 3372 queis
721 3301 837 3353 aeternae
849 3295 919 3352 vitae
927 3295 1133 3370 consequimur
1145 3315 1252 3372 magna
1265 3297 1390 3372 praemia

186 3379 245 3435 Per
258 3378 396 3453 suffragia
409 3383 470 3447 tua,
485 3377 572 3434 beata
585 3377 669 3453 virgo
683 3396 834 3452 puerpera,

185 3459 279 3518 Porta
292 3478 390 3530 aurea,
405 3477 535 3534 purpura
550 3458 627 3533 regis
640 3463 730 3533 atque
744 3456 923 3533 dignissima.

185 3539 258 3596 Vox
271 3539 402 3615 angelica
415 3559 504 3614 quam
518 3539 604 3610 clara,
621 3558 685 3615 quae
701 3539 765 3596 Deo
779 3558 894 3615 semper
907 3537 1035 3595 concinit
1048 3537 1185 3612 alleluya,

186 3619 334 3696 Terraque
348 3626 412 3677 sata
425 3621 561 3677 humana.

188 3702 285 3771 Quam
298 3701 385 3758 beata
398 3707 567 3758 sanctorum
581 3707 652 3756 sunt
665 3699 783 3775 agmina
797 3721 803 3756 :

187 3783 260 3852 Quae
274 3782 469 3858 patriarchica
482 3781 590 3838 lustrat
604 3780 686 3857 plebs
699 3786 789 3855 atquc
803 3780 982 3856 prophetica,

187 3863 257 3920 Lux
270 3863 439 3938 apostolica,
453 3882 532 3918 mors
546 3881 579 3918 ae
594 3869 755 3936 martyrum
773 3862 907 3937 pretiosa.

187 3944 213 4002 0
234 3943 392 4020 praesulum
412 3943 572 4020 perspicua,
594 3941 792 3999 confessorum
812 3941 948 4018 praecelsa
967 3948 1057 4018 atque
1077 3941 1209 4019 virginea
1229 3940 1390 4019 omniaque

268 4032 370 4082 sancta
384 4024 520 4100 agmina:
801 4050 805 4059 ·

187 4105 284 4175 Quam
299 4106 421 4181 pulchra
434 4111 505 4162 sunt
519 4111 549 4162 et
563 4124 651 4180 quam
666 4103 754 4176 laeta3

185 4186 362 4243 Trinitatem
376 4194 507 4243 sanctam
521 4185 671 4243 cernentia
685 4205 736 4261 per
746 4191 852 4242 cuncta
865 4184 898 4242 in
910 4184 1004 4262 gloria
1017 4190 1127 4243 aeterna
1140 4183 1252 4242 saecula.

189 4267 261 4336 Quae
275 4287 329 4325 sua
342 4267 529 4324 miseratione
541 4286 596 4322 nos
610 4265 713 4323 abluat
725 4267 763 4323 ab
776 4266 857 4323 omni
871 4267 1003 4338 macula;

186 4346 228 4404 Et
242 4368 295 4405 sua
310 4348 419 4424 pietate
432 4347 494 4406 sola
507 4347 616 4405 sanctis
626 4348 734 4424 jungat
747 4347 780 4403 in
792 4346 845 4404 illa
857 4347 962 4423 patria,

186 4427 224 4485 In
239 4448 297 4504 qua
311 4429 374 4486 sine
388 4429 446 4486 fine
459 4434 564 4504 regnat
577 4446 636 4504 pax
650 4428 835 4504 sempiterna.
