2946 5002
460 327 645 415 Sequentia
669 326 875 395 Contranncs.

274 496 324 554 Sol
336 515 425 553 verus
435 496 591 572 splendens
604 514 756 572 perquam
768 494 860 562 micat
873 493 944 552 orbe
957 511 1068 564 sereno,

273 576 359 635 Pacis
372 581 403 634 ct
417 583 534 634 aeternae
545 584 616 633 sunt
624 576 732 652 gaudia
744 575 858 633 tradita
870 573 989 632 mundo.

274 657 316 715 Te
328 658 465 734 petimus,
480 657 607 729 domina,
622 656 706 714 nobis
720 676 855 715 succurre
868 655 1004 733 benigna,

275 738 317 795 Et
329 739 448 795 famulis
460 737 588 815 patriam
598 738 725 795 clemens
738 737 1041 815 concedesupcrnam,

276 818 362 876 Caelis
375 825 412 876 ut
424 818 587 896 angelicam
599 838 766 883 mereamur
778 818 887 876 habere
902 835 1050 876 coronam.

133 953 177 1012 In
191 954 507 1013 cananemcrationidns
527 954 613 1013 beata
633 954 741 1014 Maria
755 976 775 1014 a
787 955 872 1023 Festa
885 953 1108 1030 Pnnflcationis
1127 971 1217 1027 usqne
1231 951 1273 1008 ad

72 1045 162 1112 camut
175 1033 293 1111 Jejaitt
306 1044 333 1093 et
346 1056 365 1092 a
378 1036 462 1094 Festo
475 1035 590 1093 Sancta
612 1036 771 1094 Trinitatis
789 1057 880 1112 usqae
897 1036 938 1094 ad
952 1033 1119 1093 Adventinn
1138 1032 1273 1103 Domini,

72 1115 136 1174 nisi
147 1115 182 1173 in
195 1116 384 1191 sentisscriis,
400 1117 539 1175 dicantar
552 1117 615 1174 istae
624 1116 786 1193 Sequentia
798 1116 967 1176 alternatim
979 1115 1140 1174 emundant
1153 1113 1273 1189 disiaci

74 1197 183 1256 tionem
204 1198 383 1268 ancentaris,
407 1197 482 1255 sicat
504 1193 723 1256 sabtitnlantar.
770 1198 950 1274 Sequentia:
979 1198 1049 1254 Ave
1068 1195 1187 1266 Maria3
1205 1195 1273 1250 Ave

74 1277 181 1336 mundi
191 1294 256 1354 spes
260 1297 270 1350 ;
282 1278 350 1335 Hac
360 1279 439 1335 clara
448 1279 496 1335 die
502 1299 511 1350 3
525 1278 679 1336 Hodierna
684 1299 693 1352 3
709 1280 871 1338 Benedicta
881 1298 912 1337 es
921 1278 1074 1349 caelorum3
1091 1275 1202 1346 Gaude,
1215 1274 1274 1331 Dei

75 1357 230 1436 genetrix,
250 1359 364 1434 require
374 1359 447 1416 istas
458 1359 545 1434 infra
559 1359 681 1418 Oetaeas
693 1359 911 1436 Assumpticnis
924 1359 1010 1418 beata
1023 1357 1139 1416 Marias.
1175 1355 1274 1426 Quan-

77 1440 161 1514 defit
175 1440 403 1500 camncmaratia
416 1441 451 1498 de
463 1450 565 1498 sancta
575 1441 679 1498 Manna
692 1441 768 1498 inter
778 1441 897 1500 Festum
908 1440 1065 1500 Trinitatis
1075 1447 1101 1498 ct
1111 1436 1278 1496 Adventum

75 1519 111 1578 in
123 1519 299 1595 centesima,
316 1531 386 1599 tnnc
398 1521 511 1580 dicetur
523 1522 581 1579 ista
594 1521 772 1597 Sequentia:

430 1626 535 1684 Stabat
543 1627 634 1701 juxta
648 1625 762 1683 Christi
774 1645 898 1699 crucem,

429 1706 544 1763 Videns
558 1707 621 1782 pati
634 1725 732 1763 veram
748 1707 852 1781 lucem,

471 1786 570 1844 Mater
583 1787 674 1863 Regis
687 1787 827 1846 omnium.

428 1866 544 1924 Videns
557 1874 646 1945 caput
659 1875 833 1927 coronatum
884 1891 887 1898 ·

430 1948 537 2024 Spinis,
553 1948 631 2007 latus
643 1949 833 2025 perforatum,

470 2029 559 2086 Vidit
572 2030 648 2087 mori
661 2029 765 2087 filium.

430 2109 519 2168 Vidit
533 2129 636 2186 corpus
649 2110 800 2188 flagellari,

430 2191 549 2260 Manus,
563 2191 650 2267 pedes
663 2191 806 2267 perforari

472 2272 558 2329 Mitis
571 2292 589 2329 a
603 2273 778 2331 crudelibus.

430 2353 519 2410 Vidit
533 2360 622 2429 caput
635 2353 820 2427 inclinatum,

432 2434 541 2491 Totum
555 2453 660 2510 corpus
673 2440 870 2507 cruentatum,
984 2438 988 2446 '

473 2513 604 2571 Pastoris
617 2535 671 2590 pro
685 2516 798 2573 ovibus.

432 2595 520 2652 Vidit
533 2601 638 2670 potum
651 2595 718 2653 felle
731 2596 869 2668 mixtum,
967 2625 972 2634 ,

433 2676 527 2734 Suum
540 2683 646 2733 natum
656 2675 838 2750 crucifixum,

474 2756 696 2832 Gubernantem
709 2758 815 2815 omnia

434 2837 586 2896 Christum
598 2839 663 2914 pati
675 2838 737 2896 haec
750 2837 867 2916 flagella

433 2918 523 2975 Vidit
536 2925 631 2976 mater
644 2925 675 2976 et
687 2918 795 2996 puella,

473 2999 563 3057 Vidit
576 3005 607 3056 et
620 3000 784 3077 opprobria.

433 3080 532 3137 Audit
545 3080 628 3156 virgo
642 3088 672 3139 ct
686 3081 833 3138 dicentem
876 3135 878 3139 .

435 3161 550 3218 Natum
564 3181 651 3218 suum
663 3162 860 3234 innocentem,

475 3241 559 3311 Ecce,
575 3247 677 3314 mater,
693 3243 781 3299 filius.

435 3321 506 3379 Pati
518 3322 602 3398 virgo
615 3322 693 3379 vidit
705 3330 812 3380 natum

436 3402 602 3472 Dicentem,
618 3402 673 3460 Est
686 3408 932 3475 consummatum,

477 3482 519 3539 Et
532 3482 573 3540 sic
588 3483 696 3541 transit
708 3484 830 3561 gladius.

437 3563 475 3621 In
490 3563 590 3622 dolore
603 3570 676 3622 tunc
689 3564 782 3638 fuisti,

437 3645 533 3720 Virgo
547 3646 605 3721 pia,
620 3665 688 3704 cum
701 3644 805 3704 vidisti

478 3725 557 3783 Mori
572 3732 659 3784 tuum
672 3726 776 3786 filium.

438 3807 532 3865 Dolor
545 3809 656 3884 ingens,
672 3808 755 3865 dolor
767 3807 827 3880 illc,

438 3887 521 3944 Dirae
534 3888 722 3946 lacrimarum
735 3888 832 3962 stillis,

479 3966 653 4029 Praeceilens
666 3969 850 4044 martyrium.

438 4046 536 4124 Virgo
549 4050 640 4120 mitis,
656 4051 739 4126 virgo
753 4050 811 4127 pia,

440 4125 512 4204 Spes
525 4147 650 4201 reorum,
666 4131 735 4186 vitae
749 4130 808 4200 vic,

479 4207 575 4286 Virgo
588 4210 676 4286 plena
688 4209 792 4287 gratia

440 4287 502 4346 Ora
514 4298 621 4347 natum
633 4309 667 4347 ac
680 4289 813 4365 implora,

440 4367 541 4427 Servis
555 4369 615 4427 tuis
627 4370 732 4428 moitis
745 4368 820 4426 hora

481 4448 565 4509 Vitoe
578 4449 648 4508 dare
660 4447 775 4526 gaudia.

152 4551 220 4595 von.
235 4551 269 4592 11.
672 4543 692 4584 P
801 4543 804 4548 '
