2946 5002
669 383 764 448 Festa
778 381 895 446 Juatt.
974 468 976 473 ³

242 548 376 607 Grodala
421 549 560 621 Posuisti,
577 548 713 606 Domine.

240 630 391 706 Alleluya.
440 630 468 688 V.
493 630 665 687 Laetabitur.

240 709 441 785 Evaaqeliuoa
485 711 589 768 Nolite
602 711 750 767 arbitrari.

242 791 435 865 Offirtorium.
480 791 584 850 Gloria
597 799 627 849 et
641 792 760 849 honore.

242 872 424 930 Communia
468 872 581 950 Magna
594 878 640 930 est
654 873 756 948 gloria.

248 1052 358 1112 Seueri
380 1054 557 1126 Wrmmm,
578 1068 811 1112 incurumscorr
832 1051 1052 1108 anaacausrs.
1095 1048 1146 1127 (vi
1161 1045 1207 1107 Id
1223 1049 1245 1104 J
1247 1046 1311 1124 un.)

242 1183 382 1258 Officium.
425 1184 539 1241 Statuit
553 1184 588 1241 ei

243 1264 353 1322 Oratio.

239 1345 330 1418 DeuS,
346 1345 398 1421 qui
412 1365 465 1402 nos
478 1345 559 1402 beati
572 1344 719 1402 Willelmi
740 1344 912 1402 confessoris
932 1344 979 1399 tui
999 1348 1090 1418 atque
1103 1340 1252 1419 pontificis
1266 1341 1381 1399 meritis

179 1430 210 1484 et
233 1426 441 1484 intercessione
460 1426 601 1496 laetificas,
617 1425 739 1483 concede
753 1425 909 1502 propitius,
924 1430 960 1481 ut
974 1424 1027 1502 qui
1049 1425 1112 1500 ejus
1131 1423 1273 1481 beneficia
1289 1423 1381 1499 posci·

179 1526 253 1579 mus,
269 1507 346 1564 dono
360 1512 420 1564 tuae
433 1509 529 1583 gratia
543 1526 764 1583 consequamur.
808 1507 867 1563 Per
881 1506 1052 1563 Dominum.

239 1588 385 1646 Memorio
399 1589 433 1645 de
446 1588 654 1662 consessoribus
667 1587 809 1644 Meclorclo
823 1597 849 1644 et
865 1586 1015 1644 Gildorda

238 1668 379 1744 Epistola.
423 1668 516 1726 Dedit
530 1669 679 1726 Dominus
694 1668 911 1725 confessionem.

242 1749 377 1807 Gradale.
421 1750 530 1807 Inveni
545 1749 652 1806 David.

240 1831 389 1906 Alleluya.
439 1832 467 1889 V.
490 1831 512 1889 J
514 1838 598 1888 ustus
611 1830 798 1906 germinabit.

239 1911 424 1987 Sequentia!

500 1994 578 2068 Regi
593 1992 711 2049 Christo
726 1991 886 2069 applaudat
901 1990 1049 2062 Ecclesia3

541 2074 600 2130 Die
614 2075 670 2131 isto
684 2093 762 2130 nova
775 2073 849 2129 dans
863 2071 1008 2148 praeconia
1020 2092 1028 2143 ;

502 2154 596 2230 Cujus
610 2154 692 2211 fonte
706 2153 892 2211 sanctitatis†
905 2172 1001 2209 novus

541 2236 636 2293 Nobis
650 2235 785 2291 sanitatis
799 2235 949 2292 emanavit
963 2233 1097 2290 rivulus:

501 2340 543 2396 Et
558 2339 676 2396 stellata
690 2338 757 2395 sede
772 2339 855 2413 cujus

503 2421 542 2477 In
556 2421 692 2476 tenebras
706 2420 793 2476 vallis
807 2420 897 2494 liujus

543 2501 665 2557 Novum
680 2501 791 2557 effulsit
805 2501 893 2556 sidus

503 2607 578 2664 Haec
592 2614 637 2664 est
650 2607 721 2678 dice,
737 2626 826 2682 quam
839 2606 972 2664 illustrat

541 2688 609 2761 Lux
622 2689 693 2744 novi
707 2689 795 2764 hujus
809 2689 913 2745 sideris
926 2710 934 2761 ς

502 2769 544 2825 Et
559 2789 647 2844 quam
662 2770 746 2826 rivus
760 2769 891 2826 laetificat

541 2850 675 2907 Oaelestis
687 2850 777 2926 hujus
791 2851 926 2907 nectaris.

502 2955 587 3012 Assis
600 2955 676 3031 piuS‚
692 2962 777 3032 pater
791 2963 899 3027 sancte,

500 3036 589 3093 Diem
603 3040 702 3108 istum,
719 3037 744 3093 Ο
760 3037 920 3107 Willelme‚

540 3118 772 3175 Oelebrautibus.

499 3223 545 3280 Tu
560 3244 590 3281 es
604 3245 731 3300 namque
745 3225 828 3281 rivus
842 3225 906 3294 iste,

499 3304 545 3361 Tu
559 3327 589 3363 es
602 3307 683 3362 sidus
697 3306 751 3362 hac
765 3306 799 3361 in
812 3305 890 3362 valle

541 3386 670 3463 Fulgens
684 3387 806 3443 caelitus.

499 3492 545 3549 Tu
558 3495 591 3550 in
605 3495 692 3552 terris
706 3495 881 3570 praesulatus

500 3573 587 3631 Mitis
601 3576 683 3651 gregi
696 3582 797 3650 pastor
810 3576 897 3632 datus

539 3654 743 3713 Conscendisti
756 3656 882 3732 fastigia.

499 3759 556 3817 Sed
570 3760 663 3818 livore
677 3767 869 3837 persequente

498 3840 539 3896 Et
553 3841 663 3917 injuste
679 3842 864 3918 praevalente,

539 3920 671 3978 Tandem
685 3923 764 3979 subis
780 3923 892 3979 exsilia.

499 4024 549 4082 Ibi
562 4032 670 4096 mente,
685 4026 793 4098 verbis,
808 4033 886 4096 actu,

539 4106 578 4163 In
591 4106 690 4162 virum
704 4113 838 4165 mutatus
852 4107 944 4164 alium
956 4127 965 4178 3

498 4187 613 4244 Primae
626 4188 723 4245 fiendo
737 4188 855 4246 delicias

538 4268 607 4325 Tibi
620 4269 750 4346 geminas
764 4269 951 4345 supplicium.

233 4391 246 4415 ³·
261 4390 314 4435 MS.
327 4389 413 4438 0.-Ῑπ
422 4392 567 4453 Depositione
577 4393 601 4440 S.
617 4393 731 4452 willelmi,
745 4392 911 4453 archiepiscopi
926 4390 1085 4449 liberarem,
1096 4391 1217 4437 Domiuiec
1233 4390 1300 4453 infra
1316 4397 1337 4438 et
1351 4391 1377 4438 in

177 4449 301 4569 omilim
309 4508 383 4556 MSS.
395 4509 414 4556 O
425 4511 474 4556 and
484 4511 512 4558 1⁴¹.
544 4511 604 4558 add.
616 4512 664 4559 and
674 4512 728 4560 MS.
739 4512 898 4572 D-pictatis.
