2946 5002
595 289 690 357 Festo
713 289 863 358 Octobris.

247 520 358 580 Snucrr
379 520 510 591 Tnonru,
531 520 770 580 Huaroannusn
790 537 932 580 errscorr.
976 520 1026 600 (vi.
1042 522 1112 580 Non
1136 524 1214 601 Oct.)

202 657 340 732 Officiaon.
383 658 495 716 Statuit
508 658 543 715 ei.

201 739 308 798 Oratio.
351 738 407 812 Da,
423 758 597 814 quaesumus.

198 820 389 878 Memoriado
402 819 694 894 eonctobeodeqoria
708 829 844 896 otortyre.
880 822 988 880 Oratio.
1016 822 1136 895 Praesta,
1147 844 1321 900 quaesumus.

197 900 337 977 Epcetolo.
380 900 456 958 Ecce
469 901 609 958 sacerdos.

200 979 331 1039 (tradate.
374 980 495 1038 Juravit
509 981 663 1038 Dominus,

198 1060 346 1137 Alleluya.
395 1061 423 1119 V.
446 1061 553 1119 Justus
566 1061 751 1137 germinabit.

197 1140 359 1217 Sequentia.
401 1141 497 1199 Adest
510 1143 603 1212 nobis,
617 1151 652 1199 at
664 1142 699 1200 ia
713 1140 875 1203 Communi.

197 1221 396 1296 Eooaqele'woa
439 1222 539 1280 Homo
553 1223 673 1298 quidam
685 1241 812 1299 peregre.

199 1301 389 1376 offertorium.
432 1302 561 1360 Veritas.

198 1380 374 1442 Oornmarct'o.
417 1383 528 1440 Beatus
542 1403 651 1442 servus.

228 1572 342 1632 Eoosu
362 1589 416 1630 ora
436 1589 541 1631 saron
562 1573 764 1646 Leonnaasu,
787 1589 945 1632 ursmare.
990 1574 1041 1654 (vi.
1057 1575 1135 1636 Non.
1152 1579 1230 1658 Oct.)

198 1707 335 1784 Officium.
378 1710 417 1767 In
431 1710 543 1767 virtute
552 1715 613 1768 tua.

198 1789 305 1848 Oratio.
348 1789 471 1861 Praesta,
486 1810 661 1867 quaesumus.

196 1870 335 1946 Epistola.
378 1870 494 1929 Memor
507 1877 577 1929 esto.

199 1949 331 2009 (laudale.
375 1951 511 2009 Posuisti.

196 2030 343 2108 Alleluya.
391 2031 419 2089 V.
442 2031 613 2088 Laetabitur.

196 2111 394 2186 Eoccqelo'um.
438 2112 497 2181 Qui
510 2131 562 2170 vos
575 2112 667 2169 audit.

199 2191 388 2265 offertorium.
430 2192 531 2250 Gloria
544 2194 703 2250 ethonore.

198 2270 376 2331 Garamante.
420 2271 532 2351 Magna
545 2280 597 2330 est.

324 2461 435 2519 Senon
455 2460 630 2532 Franmsor,
650 2476 855 2519 conrassours.
896 2459 947 2539 (ir.
963 2461 1040 2519 Non.
1057 2462 1135 2540 Oot.)

198 2600 335 2675 Officium.
378 2600 420 2658 Os
428 2601 513 2676 justi.

197 2680 304 2740 Oratio.
345 2681 469 2753 Adesto,
484 2680 621 2738 Domine.

195 2756 334 2838 Epistola.
376 2761 511 2819 Dilectus
524 2781 542 2818 a
555 2761 628 2818 Dec.

197 2841 330 2900 Grodole.
373 2842 415 2899 Os
423 2842 507 2918 justi

194 2923 341 3000 Alleluya.
390 2922 643 2982 [Istesanctus.

195 3003 392 3078 Ecwaqela'um.
435 3003 532 3060 Nemo
545 3003 702 3060 lucernam.

195 3080 386 3158 offertorium.
428 3083 556 3141 Veritas.

195 3163 374 3224 Oonuaaaa'o.
417 3164 528 3222 Beatus
541 3183 651 3243 servus.

250 3357 362 3418 Saron
382 3357 478 3429 Fmrs,
500 3371 635 3414 vinorum
654 3371 692 3412 er
712 3368 873 3411 umrrars.
917 3351 1010 3431 (Pu'd.
1026 3353 1103 3412 Non.
1121 3355 1198 3433 Oct.)

193 3501 332 3578 Officium.
373 3500 529 3578 Loquebar
542 3501 578 3559 de
591 3499 777 3559 testimoniis.

194 3583 302 3642 Oratio.

191 3665 280 3735 Deus,
302 3663 355 3740 qui
377 3669 550 3740 praesentem
571 3663 649 3720 diem
672 3662 765 3719 beatae
787 3659 878 3730 Fidis,
894 3658 1018 3736 virginis
1040 3669 1070 3719 et
1091 3662 1228 3738 martyris
1246 3669 1316 3734 tuae,

135 3743 203 3802 facis
216 3764 278 3803 esse
292 3745 469 3817 sollemnem,
481 3749 588 3819 praesta
598 3743 734 3803 Ecclesiae
744 3748 811 3814 tuac,
824 3748 858 3798 ut
868 3742 914 3817 cuj
918 3761 952 3798 us
966 3742 1081 3800 meritis
1091 3744 1242 3820 gloriatur,
1254 3746 1320 3818 ejus

134 3826 265 3901 precibus
277 3825 442 3902 adjuvetur.
485 3825 550 3882 Per.

190 3905 330 3983 Epistola.
372 3905 432 3974 Qui
447 3905 598 3982 gloriatur.

192 3986 325 4046 Grodole.
367 3986 484 4043 Diffusa
498 3991 549 4043 est.

189 4068 336 4143 Alleluya
385 4067 414 4125 V.
437 4066 583 4124 AEmulor.

189 4147 390 4223 Eooaoqelium.
433 4146 534 4204 Simile
548 4152 591 4204 est
605 4165 727 4223 regnum
741 4146 877 4206 caelorum
890 4146 989 4204 decem
1002 4145 1172 4223 virginibus

191 4228 381 4303 Offertortam.
425 4227 509 4284 Filiae
523 4246 631 4304 regum

190 4308 310 4369 Secreto.
1263 4349 1265 4352 -

189 4389 316 4469 Suscipe,
332 4390 467 4466 Domine,
480 4409 580 4471 preces
601 4394 631 4449 et
654 4388 764 4449 hostias
786 4389 898 4448 meritis
920 4389 1012 4448 beatae
1034 4387 1125 4462 Fidis,
1140 4389 1263 4466 virginis
1283 4396 1313 4448 ct
