2946 5002
611 388 704 451 Festa
719 388 836 451 danii.

446 552 522 611 Gnaei
536 552 648 623 rident,
664 554 741 610 muti
755 554 864 626 fantur,

445 630 553 690 Claudi
565 641 689 690 currunt
703 641 734 690 et
748 642 892 694 curantur

484 714 621 772 Membra
634 715 803 791 paralytica.

444 795 540 871 Lepra
552 795 639 872 fugit,
655 815 733 852 mors
746 796 875 871 fugatur,

444 875 568 932 Morbus
582 876 677 932 omnis
691 884 851 934 enervatur

483 956 608 1014 Virtute
622 956 755 1015 mirifica.

443 1037 536 1113 Cujus
550 1038 646 1095 laudis
659 1039 691 1093 in
706 1045 865 1114 augmento

442 1118 554 1175 Panem
568 1120 680 1176 factum
695 1119 731 1175 de
745 1127 886 1177 caemento

482 1199 627 1256 Praedicat
641 1199 768 1257 ecclesia.

442 1278 524 1337 Hinc
537 1281 602 1337 laus
616 1279 736 1336 Christo
749 1282 904 1351 referatur,

441 1361 524 1417 Hinc
538 1369 569 1418 et
582 1361 668 1417 nobis
682 1361 851 1419 conferatur

481 1441 667 1499 Delictorum
681 1442 777 1499 venia.

175 1565 378 1640 Ecacpelium.
421 1569 522 1625 Homo
536 1568 657 1644 quidam
670 1586 799 1644 peregre.

177 1656 373 1732 offertorium.
417 1661 526 1718 Inveni
540 1661 647 1718 David.

176 1750 357 1811 Communia
401 1753 538 1826 Domine,
553 1754 692 1829 quinque.

221 1987 336 2045 'Pramo
357 2004 466 2045 11111111
486 1986 619 2046 Ocravrs
640 2002 747 2044 sarem
768 1986 943 2044 Wrmamu.
989 1986 1039 2065 (iv.
1056 1988 1101 2046 Id.
1117 1990 1205 2068 Jun.)

174 2140 323 2217 Officium..
357 2143 529 2200 Sacerdotes
543 2144 614 2218 ejus.

170 2234 312 2310 Epistola.
342 2237 418 2293 Ecce
428 2236 561 2293 sacerdos
570 2254 696 2311 magnus
707 2234 759 2309 qui
769 2234 801 2290 in
812 2233 915 2292 diebus
929 2236 990 2292 suis
1003 2237 1116 2312 placuit
1131 2237 1195 2294 Deo
1210 2237 1312 2296 Israel.

174 2326 309 2386 Gradale.
351 2329 476 2387 Juravit
490 2328 644 2385 Dominus,

170 2408 319 2485 Alleluya.
369 2410 397 2468 V.
422 2410 531 2466 Inveni
545 2408 652 2466 David.

171 2505 268 2566 Tertio
280 2509 326 2565 die
340 2508 374 2565 ic
390 2507 511 2565 Octavia
553 2505 717 2581 Seque-atio.

472 2600 574 2659 Pasti*
587 2621 688 2678 greges
702 2601 738 2657 de
751 2607 868 2677 pastore

472 2684 597 2741 Discant
610 2703 690 2754 aure,
705 2682 805 2739 dicant
819 2702 868 2740 ore

510 2764 532 2822 J
534 2765 649 2820 ubilum
663 2763 810 2839 praeconii.

471 2847 519 2905 Sit
531 2847 590 2905 mel
604 2848 657 2917 ori,
673 2847 764 2905 melos
777 2846 844 2903 auri

470 2927 589 2986 Nomen
603 2928 698 2985 nostri
711 2946 791 2985 nunc
804 2927 945 2998 thesauri,

511 3010 667 3079 Quondam
680 3008 863 3065 thesaurarii

470 3090 686 3148 Fraudulenter
700 3089 753 3165 qui
766 3095 894 3146 cassatus

469 3171 520 3228 Ab
534 3170 644 3228 honore
657 3169 839 3246 praesulatus,

509 3253 676 3327 Latensque
688 3251 848 3326 septennio,

468 3333 567 3391 Vacat
581 3332 842 3407 contemplationi;

468 3414 614 3490 Magnum
626 3412 738 3469 malum
752 3411 852 3488 magni
864 3412 935 3469 boni

509 3495 591 3571 Saepe
607 3496 641 3551 fit
654 3495 771 3550 occasio.
789 3556 792 3560 b

468 3576 556 3633 Statu
570 3595 662 3633 causae
677 3574 844 3645 reformate,

466 3657 592 3714 Romam
607 3656 685 3732 petit
698 3656 806 3712 iterato

505 3739 606 3795 Nullis
620 3736 850 3793 adversantibus.

465 3821 631 3878 Eboracum
644 3818 751 3895 praesul
764 3817 860 3888 redit:

464 3901 568 3958 Pontis
581 3919 664 3958 casus
677 3899 794 3955 nullum
808 3897 889 3954 laedit

503 3982 550 4039 Do
564 3989 611 4039 tot
624 3982 719 4037 turlaae
733 3980 873 4036 millibus,

443 4065 501 4129 †In
516 4064 638 4122 Octavia
653 4062 840 4119 Pentecostcs

464 4146 592 4216 Quidam
606 4144 808 4219 malignantur
821 4142 920 4198 hostes

503 4226 542 4283 In
556 4245 623 4282 eum
641 4225 779 4300 pacifice;

160 4388 173 4412 ³*
188 4387 241 4432 MS.
253 4385 273 4431 F
286 4385 356 4442 gives
365 4396 398 4428 no
408 4382 530 4439 Sequcnce
541 4379 579 4424 lor
590 4379 639 4424 this
648 4379 702 4436 day.

158 4464 171 4523 †
186 4463 259 4508 MSS.
272 4463 290 4507 Ο
304 4461 352 4507 and
366 4459 388 4503 D
403 4457 461 4503 omit
471 4456 520 4502 this
537 4455 675 4500 conclusion
686 4452 712 4497 of
725 4451 913 4509 tthcquenco,
924 4448 1010 4504 giving
1026 4449 1066 4494 tho
1081 4449 1223 4498 alternative
1237 4452 1300 4499 lom

97 4524 164 4583 only.
196 4523 249 4566 MS.
261 4522 281 4566 F
292 4521 314 4565 is
324 4517 450 4578 imperfect
459 4516 484 4560 in
494 4514 543 4560 this
553 4514 626 4571 place.
