2946 5002
136 369 200 433 154
395 367 444 432 Iu
457 366 548 433 Fau
562 365 672 432 auius
692 364 1082 454 VirpiuisctMartyria

197 531 388 606 offertorium.
432 533 587 593 Mirabilis.

197 612 389 687 offertorium.
432 615 644 673 Exsultabunt

199 693 391 768 offertorium.
435 695 602 753 Laetamini.

197 774 318 833 Secreta.

195 855 323 932 Suscipc,
346 856 482 928 Domine,
504 875 604 933 preces
629 861 660 914 et
683 876 825 930 munera;
848 876 914 934 qua
937 862 973 914 ut
996 862 1049 914 tuo
1070 856 1161 934 digna
1183 857 1247 914 sint
1271 875 1339 916 oon·

137 937 259 1013 spectui,
274 943 443 994 sanctorum
464 938 661 995 confessorum
685 944 806 996 tuorum
827 938 866 997 N.
886 945 917 996 et
934 938 974 996 N.
995 939 1130 1015 precibus
1152 938 1338 1014 adjuvemur.

138 1017 203 1077 Per.

196 1097 378 1157 Communia.
422 1099 580 1156 Justorum
593 1098 707 1158 animae.
799 1116 802 1121 ·

198 1177 380 1237 Oommuato.
424 1179 558 1237 Gaudete
567 1180 651 1256 justi.

197 1260 439 1318 Poatcommanio.

198 1339 334 1416 corporis
362 1341 437 1397 sacri
464 1347 495 1398 et
518 1340 641 1417 pretiosi
670 1341 821 1416 sanguinis
849 1342 955 1418 repleti
982 1341 1131 1414 libamine,
1158 1360 1336 1419 quaesumus,

137 1419 266 1479 Domine
280 1420 362 1477 Deus
376 1427 493 1493 noster,
514 1429 549 1478 ut
563 1422 642 1498 quod
655 1422 704 1498 pia
718 1422 874 1480 devotione
887 1423 1025 1499 gerimus,
1041 1429 1122 1481 certa
1134 1422 1339 1500 redemptione

137 1501 293 1578 capiamus.
338 1501 397 1560 Per
410 1502 582 1560 Dominum.

276 1744 282 1757 ι
389 1663 430 1720 Iu
450 1663 549 1722 Fusro
569 1679 663 1722 uiuus
684 1662 832 1721 V1uo1u1s
853 1680 891 1720 ur
912 1663 1085 1723 Marmara

195 1744 351 1902 griiqodiliir
362 1825 397 1882 de
410 1825 588 1883 testimoniis
596 1826 657 1882 tuis
666 1825 699 1882 in
712 1830 869 1902 conspectu
882 1845 993 1902 regum,
1005 1831 1036 1883 et
1046 1845 1107 1883 non
1118 1825 1337 1884 confundebar:

136 1911 168 1968 et
179 1907 345 1966 meditabar
357 1907 391 1962 in
404 1907 551 1963 mandatis
564 1907 634 1977 tuis,
650 1926 715 1983 quae
730 1907 822 1963 dilexi
835 1907 931 1963 nimis.

197 1988 343 2045 Paulinus.
386 1988 474 2044 Beati
487 1987 670 2045 immaculati
683 1989 715 2044 in
729 1988 794 2044 via:
817 1987 869 2064 qui
882 1987 1037 2045 ambulant
1050 1988 1083 2045 in
1096 1988 1160 2064 lege
1174 1986 1307 2044 Domini.

198 2067 292 2125 Aliud
308 2067 447 2142 Officium.

198 2149 250 2206 Me
277 2154 521 2224 exspectaverunt
548 2154 712 2224 peccatores
739 2154 775 2204 ut
797 2148 953 2224 perderent
980 2168 1045 2205 me:
1075 2148 1247 2206 testimonia
1273 2153 1335 2218 tua,

136 2231 274 2322 Domine,
290 2229 443 2322 intellexi:
465 2229 559 2286 omnis
573 2229 832 2286 consummationis
845 2230 909 2286 vidi
922 2229 1029 2287 finem:
1050 2229 1145 2287 latum
1162 2229 1337 2287 mandatum

137 2322 341 2484 tuullsiiiiiib.
384 2389 472 2448 Beati
484 2389 667 2448 immaculati
679 2389 712 2447 in
725 2390 791 2448 via:
813 2391 865 2467 qui
879 2390 1033 2448 ambulant
1045 2391 1079 2448 iu
1091 2391 1155 2468 lege
1169 2389 1301 2448 Domini.

196 2470 428 2610 giilidiiilltuum
441 2552 678 2628 deprecabuntur
696 2571 796 2609 omnes
809 2552 918 2610 divites
937 2552 1049 2629 plebis:
1070 2553 1255 2609 adducentur
1275 2549 1336 2626 regi

136 2632 266 2710 virgines
274 2640 341 2708 post
351 2652 432 2690 eam:
447 2634 589 2709 proximas
599 2635 662 2709 ejus
672 2633 856 2691 adducentur
865 2632 922 2690 tibi
931 2633 1078 2690 inlaetitia
1088 2640 1120 2692 et
1130 2633 1333 2690 exsultatione.

197 2713 355 2886 Diuaiiaiit
368 2813 418 2850 cor
431 2812 531 2850 meum
544 2795 667 2851 verbum
680 2794 809 2851 bonum:
829 2792 895 2852 dico
909 2814 962 2872 ego
976 2814 1063 2871 opera
1076 2814 1141 2852 mea
1154 2794 1225 2872 rogi.

197 2871 341 3011 gillixziilii
358 2953 509 3030 justitiam
527 2959 558 3010 et
571 2953 661 3011 odisti
676 2954 884 3031 iniquitatem:
905 2963 1059 3033 propterea
1080 2956 1170 3014 unxit
1191 2960 1223 3014 te
1245 2955 1336 3027 Deus,

139 3035 222 3093 Deus
235 3040 315 3106 tuus,
331 3035 394 3092 oleo
407 3035 520 3092 laetitiae
533 3055 593 3111 prae
607 3037 791 3092 consortibus
806 3038 874 3094 tuis.

197 3114 376 3254 {iamim
389 3116 535 3189 Pusclroli,
550 3116 701 3192 Alleluya,
715 3117 851 3194 alleluya,
865 3117 1001 3194 alleluya.

199 3278 357 3372 Eructavit
370 3297 419 3335 cor
432 3298 531 3336 meum
544 3279 669 3336 verbum
682 3280 811 3338 bonum:
832 3279 898 3337 dico
911 3298 965 3357 ego
979 3299 1067 3357 opera
1080 3300 1145 3338 mea
1158 3280 1228 3356 regi

199 3358 340 3516 (oliigcdbhii,
369 3439 505 3511 Domine,
534 3440 605 3515 quia
632 3441 755 3516 aequitas
781 3441 896 3518 judicia
922 3447 983 3513 tua,
1013 3448 1044 3499 et
1070 3442 1103 3499 in
1130 3411 1258 3499 veritate
1285 3447 1338 3499 tua

137 3520 303 3579 humiliasti
316 3540 381 3578 me:
402 3521 514 3597 confige
528 3522 634 3578 timore
647 3528 700 3578 tuo
714 3538 817 3580 carnes
828 3542 915 3595 meas,
931 3543 949 3580 a
965 3523 1114 3580 mandatis
1130 3524 1191 3580 tuis
1212 3542 1275 3580 non
1292 3541 1338 3580 ms

139 3602 344 3820 &Ziridaua
388 3681 477 3739 Beati
489 3682 674 3739 immaculati
686 3683 719 3740 in
732 3683 799 3741 via:
820 3684 873 3759 qui
886 3684 1040 3742 ambulant
1053 3685 1086 3741 in
1099 3684 1162 3761 legs
1177 3684 1309 3743 Domini.

198 3772 357 3921 Dieiriifipui
370 3863 423 3901 nos
436 3844 529 3901 beatae
544 3843 583 3900 N.
600 3843 724 3919 virginis
738 3845 936 3922 martyrisque
954 3851 1014 3905 tuae
1027 3866 1127 3904 annua
1141 3845 1340 3903 sollemnitate

138 3924 269 3983 laetificas
279 3944 288 3996 ;
308 3924 433 3982 concede
453 3924 608 4001 propitius,
624 3932 659 3982 ut
679 3927 744 4002 ejus
756 3926 933 4003 adjuvamur
945 3928 1067 4001 meritis,
1090 3928 1174 4004 cujus
1194 3926 1341 3985 castitatis

138 4004 317 4063 irradiamur
329 4005 480 4081 exemplis.
523 4005 589 4062 Per.

198 4084 248 4142 Ad
263 4086 432 4144 Corinthios
446 4086 474 4164 (l
492 4087 541 4144 aii.
559 4086 672 4164 25-34).

199 4167 339 4224 Fratres:
362 4167 409 4224 De
423 4167 589 4243 virginibus
603 4174 783 4245 praeceptum
805 4169 928 4227 Domini
949 4190 1039 4245 usquc
1060 4170 1102 4227 ad
1122 4174 1159 4226 ut
1179 4168 1220 4227 sit
1239 4175 1343 4228 sancta

137 4265 256 4323 corpore
270 4253 301 4304 et
314 4249 431 4325 spiritu,
448 4249 488 4305 In
503 4249 621 4306 Christo
635 4249 656 4307 J
658 4269 710 4306 esu
724 4250 854 4308 Domino
868 4257 976 4309 nostro.

197 4328 293 4385 Lectio
308 4329 377 4386 libri
389 4328 548 4402 Sapientior
561 4328 649 4405 (Eccl
685 4375 691 4389 .
708 4331 738 4388 li.
757 4331 804 4389 1-8
806 4331 831 4409 )

199 4408 370 4467 Confitebor
393 4411 458 4481 tibi,
486 4410 615 4469 Domine
635 4431 708 4484 rex,
736 4418 767 4469 et
792 4413 964 4470 collaudabo
987 4418 1018 4470 te
1041 4412 1139 4470 Deum
1165 4411 1344 4469 salvatorem

136 4505 237 4547 meum
249 4508 340 4563 usquc
354 4492 395 4548 ad
409 4495 440 4548 et
453 4492 561 4550 liberas
575 4511 624 4550 eos
637 4492 673 4551 de
688 4512 781 4552 manu
795 4495 948 4572 angustia,
965 4493 1093 4551 Domine
1108 4493 1191 4551 Deus
1203 4499 1311 4550 noster.
