2946 5002
575 419 670 485 Festo
690 416 896 505 sepeciem.

196 583 342 667 ‚meum
384 584 487 643 Sanetr
499 584 659 662 perfidem

200 660 337 725 θιαᾶιιῐι
378 664 517 738 Vindice,
533 656 668 724 Domine.

200 745 349 822 Alleluya
397 745 427 805 V
450 746 492 804 Te
504 751 675 822 martyrum

199 825 361 902 Sequentia.
404 826 479 885 Ecce
492 826 623 903 pulchra,
637 835 672 883 at
684 825 719 882 im
733 823 894 886 ocimum.

200 906 399 982 Eomrqelium.
442 905 628 965 Descendens
641 905 664 964 J
663 925 729 964 esus
742 907 778 964 de
790 911 899 965 monte.

201 985 393 1062 offertorium
435 987 583 1046 Mirabilis
596 987 686 1046 Deus.

199 1066 320 1126 Secreto.
389 1070 392 1074 ’

200 1146 333 1224 Respice,
357 1147 494 1221 Domine,
519 1167 649 1219 munera,
677 1167 743 1223 quae
766 1147 798 1204 in
819 1147 952 1224 passione
976 1153 1142 1206 sanctorum
1165 1152 1330 1222 martyrum

140 1233 259 1287 tuorum
277 1227 425 1302 Mauricii,
441 1228 608 1306 Exsuperii,
624 1228 758 1300 Candidi,
772 1228 914 1301 Victoris,
928 1229 1097 1287 Innocentii
1116 1233 1147 1286 et
1166 1227 1277 1285 Vitalis
1297 1247 1331 1286 ao

139 1307 285 1368 sociorum
304 1309 463 1368 eorundem
484 1309 757 1368 commemoratione
777 1308 934 1367 deferimus
943 1329 952 1383 3
976 1315 1007 1366 et
1022 1315 1138 1387 praesta,
1152 1315 1187 1366 ut
1204 1327 1329 1384 quorum

137 1389 249 1447 honore
275 1397 347 1448 sunt
372 1395 465 1468 grata,
493 1410 595 1448 eorum
621 1390 706 1448 nobis
733 1389 807 1448 fiant
833 1390 1042 1448 intercessione
1067 1395 1217 1467 perpetua
1272 1387 1331 1447 Per

137 1469 310 1528 Dominum.

199 1549 404 1610 Oorrmwom.
423 1551 597 1609 Pcsuerunt.

197 1631 439 1690 Poctcommuoio.

199 1711 371 1770 Caelestibus
397 1712 500 1770 refecti
527 1711 716 1770 sacramentis
742 1716 773 1770 et
798 1710 927 1789 gaudiis
946 1710 1090 1788 supplices
1123 1717 1154 1769 te
1183 1730 1360 1788 rogamus,

135 1791 322 1931 {mnipotens
342 1792 432 1867 Deus,
447 1798 483 1850 ut
501 1812 627 1869 querum
639 1792 800 1869 gloriamur
812 1791 980 1869 triumphis,
998 1798 1187 1869 protegamur
1200 1791 1327 1849 auxiliis

163 1892 197 1932 er
210 1872 379 1932 Dominum.

251 2051 378 2112 amma
398 2053 516 2125 Tucnn,
537 2069 673 2112 uacuus
692 2068 755 2111 ron
775 2067 938 2111 uanrrms.
981 2051 1034 2131 (ix.
1050 2051 1120 2109 Kal.
1137 2051 1216 2128 Oct.)

198 2179 337 2256 Officium.
380 2179 529 2239 Dilexisti

197 2261 306 2320 Oratio.
349 2261 543 2338 Omnipotens
557 2261 733 2337 sempiterne
746 2260 837 2319 Deus.

195 2341 337 2418 Epdtom.
380 2341 427 2399 De
440 2341 611 2418 virginibus.
681 2379 683 2383 ψ

197 2421 331 2481 madae.
374 2422 491 2480 Diffusa
504 2428 555 2480 est.

196 2502 345 2579 Alleluya.
392 2503 421 2561 V.
443 2503 588 2561 AEmulor.

194 2581 394 2658 Eoonqelimm
437 2583 540 2641 Simile
552 2588 597 2642 est
610 2601 734 2660 regnum
747 2582 885 2641 caelorum
898 2583 997 2642 decem
1011 2583 1183 2662 virginibus.

197 2662 389 2737 Offertoiiam.
432 2664 609 2737 Offerentur,
624 2665 730 2722 minua.

196 2741 377 2803 Communia.
420 2745 558 2820 Quinque
570 2745 737 2822 prudentes.

254 2942 365 3003 Saron
385 2943 524 3017 qumr,
546 2959 679 3004 nsrscom
700 2961 737 3003 nr
757 2962 916 3005 mrums.
961 2945 1022 3023 (vii.
1039 2947 1108 3006 Kal
1126 2947 1204 3025 Oct.)

196 3072 333 3148 Officimm
375 3074 483 3134 Justus
496 3076 648 3152 utpnlma

195 3152 302 3213 Oratio.
345 3154 501 3233 Praestaq
500 3177 654 3216 uaesumus.

193 3233 332 3310 Epirota
375 3176 501 3294 Omnisq
493 3238 636 3314 pontifex,
651 3238 733 3296 atim
746 3237 1008 3298 Communicamus
1022 3240 1195 3316 miserrume.

195 3312 328 3377 θιαάαὺι.
370 3315 509 3376 Posuisti.

192 3395 340 3473 Alleluya.
387 3396 593 3456 VBeatus
564 3419 619 3457 vn:

192 3475 392 3552 Evmmeliam.
436 3478 496 3547 Qui
508 3499 561 3538 vos
574 3479 762 3552 nuditatem
775 3466 1038 3540 Communicamus
1051 3481 1224 3558 conferreris

193 3554 384 3630 offertorium.
428 3559 529 3617 Gloria
542 3565 572 3617 et
585 3560 704 3620 honore.

193 3635 373 3754 Umnmumio.
416 3639 527 3718 Magna
540 3647 592 3700 est

208 3817 395 3880 Sermonun
415 3837 587 3882 usnrrnun
607 3822 758 3882 dmum
778 3839 816 3882 ur
834 3823 978 3886 Jusrnua
1023 3824 1073 3903 (vi.
1090 3823 1160 3897 Kal.
1176 3822 1255 3904 Oct.)

134 4020 138 4031 θ
192 3949 331 4026 Offioimn.
374 3953 459 4012 Salus
472 3960 580 4014 autem.

193 4030 302 4091 Oratio
345 4034 436 4107 Deus,
451 4034 577 4112 quinos.

191 4108 331 4188 Epistola.
374 4114 478 4173 Justi'
469 4135 502 4172 1n
514 4121 697 4211 perpetuum.

191 4191 324 4254 Gradole.
367 4194 571 4255 Exsultsbunt
583 4198 685 4255 sanot1

190 4273 290 4333 Allelu
289 4295 336 4352 yn
383 4276 413 4336 V.
436 4276 592 4337 Mirabilis.

124 4414 127 4420 ,
189 4353 391 4432 Evchlium.
433 4357 621 4416 Descendens
633 4358 656 4417 J
656 4377 721 4418 esus
734 4358 892 4418 demente.

190 4433 380 4509 offertos-imru
422 4437 587 4498 Imtamini.

190 4512 370 4578 Ommmmio.
412 4519 646 4581 Animanostra
