2946 5002
589 345 663 411 Fosi
650 352 685 411 to
706 346 898 413 Februarii.
1302 357 1342 418 19

150 515 314 592 deligamus.
359 514 420 585 Qui
446 535 514 572 cum
536 513 625 572 Patre
648 518 678 570 et
701 515 802 571 eodem
826 515 941 590 Spiritu
964 516 1072 575 Sancto
1096 518 1173 576 vivis
1196 525 1226 576 ot
1239 538 1343 597 regnas

150 596 231 654 Deus.
277 597 336 654 Per
349 597 449 654 omnia
462 595 567 653 saecula
581 595 760 653 saeculorum.
803 595 910 654 Arnen.

201 676 244 734 Ire
256 677 356 735 reditu
369 679 404 735 de
418 677 469 734 At
458 687 518 734 tore
512 677 618 734 beator
631 676 747 733 Moriae.
790 676 1025 752 Resporrsoriam.

202 757 308 816 Gaude
309 757 435 835 „gaude
463 757 604 815 Maria
575 777 677 833 vrrg;o
707 762 826 814 cunctas
846 759 969 816 haereses
987 760 1049 817 sola
1061 761 1341 839 interemist1,quae

149 838 290 896 Gabrielis
314 839 482 915 archangeli
505 838 592 896 dictis
616 801 783 895 credidisti.
818 837 890 895 dum
913 841 996 934 virgo
1019 841 1118 899 Deum
1138 849 1168 900 et
1192 807 1342 901 honiinem

147 921 280 994 genuisti,
295 927 326 977 et
340 927 407 996 post
419 925 538 996 partum
552 918 635 994 virgo
649 919 793 975 inviolata
806 921 1002 994 permansisti

153 1000 178 1058 V.
200 1001 372 1058 Gabrielem
395 999 603 1075 archangelum
625 1000 732 1056 scimus
754 999 898 1056 divinitus
921 1007 952 1059 te
974 1021 1035 1059 esse
1058 1003 1199 1061 affatum:
1223 1011 1341 1062 uterum

147 1086 227 1138 tuum
259 1082 297 1138 de
326 1082 440 1158 Spiritu
468 1081 575 1138 Sancto
602 1079 747 1136 credimus
773 1080 1015 1156 impregnatum:
1046 1085 1197 1142 erubescat
1215 1085 1339 1144 Judaeus

147 1161 255 1234 infelix,
272 1163 325 1238 qui
339 1163 411 1221 dicit
426 1161 577 1219 Christum
592 1180 630 1217 ex
642 1160 665 1217 J
666 1160 755 1236 oseph
769 1161 878 1218 semine
892 1182 953 1220 esse
966 1169 1079 1222 natum.

201 1253 325 1314 Proser

385 1336 544 1406 Inviolata,
558 1335 681 1410 integra,
696 1341 727 1390 et
740 1339 820 1391 casta
834 1354 874 1406 es,
889 1335 987 1393 Maria
998 1357 1007 1409 3

385 1417 458 1486 Quae
472 1436 503 1473 es
517 1416 619 1472 effecta
632 1414 745 1490 fulgida
759 1415 823 1472 caeli
835 1422 929 1491 porta.

384 1497 410 1555 Ο
425 1498 525 1554 Mater
538 1497 616 1553 alma
630 1495 741 1553 Christi
755 1495 912 1569 carissima,
1001 1549 1003 1554 .

385 1578 505 1654 Suscipe
519 1577 640 1634 laudum
654 1576 703 1652 pia
716 1577 893 1652 precamina,

382 1659 494 1717 Nostra
507 1664 543 1714 ut
556 1678 631 1733 pura
645 1663 763 1733 pectora
777 1659 838 1715 sint
852 1665 882 1715 et
896 1678 1026 1735 corpora,

383 1741 455 1810 Quae
469 1758 548 1795 nunc
562 1739 699 1814 flagitant
712 1738 826 1808 devote,
841 1758 968 1816 voxque,
984 1745 1014 1797 et
1028 1740 1124 1798 corda.

382 1821 429 1877 Tu
443 1821 480 1876 da
493 1839 546 1896 per
559 1826 677 1895 precata
691 1818 843 1875 dulcisona

382 1901 479 1958 Nobis
493 1907 633 1976 perpetua
647 1899 708 1955 frui
722 1901 792 1956 vita.

381 1983 516 2052 Obeata,
531 1982 556 2038 Ο
572 1981 707 2056 benigna,
725 1980 750 2037 0
765 1980 860 2051 beata,
877 1998 942 2055 quae
957 1980 1018 2037 sola

381 2063 531 2119 Inviolata
544 2061 739 2137 permansisti.

197 2161 238 2219 [ιι
252 2162 376 2219 atritione
390 2170 457 2219 arete
472 2161 602 2219 Crucem.
645 2159 879 2234 Responsoriara.

197 2243 386 2320 Responsum
399 2243 511 2318 accepit
526 2242 653 2316 Symeon
664 2261 682 2296 a
693 2241 807 2316 Spiritu
817 2238 924 2297 Sancto
939 2259 999 2297 non
1009 2241 1144 2299 visurum
1158 2262 1188 2301 se
1203 2252 1336 2319 mortem,

141 2322 318 2381 nisivideret
333 2323 485 2381 Christum
502 2322 633 2379 Domini.
676 2322 798 2378 Etcum
812 2321 985 2378 inducerent
999 2341 1124 2397 puerum
1138 2324 1170 2380 in
1183 2327 1336 2403 templum,

142 2406 249 2481 accepit
262 2425 331 2463 eum
351 2405 384 2462 in
403 2404 489 2461 ulnas
509 2423 583 2475 suas,
600 2409 630 2459 et
643 2402 796 2460 benedixit
810 2402 917 2473 Deum,
934 2409 964 2459 et
952 2403 1076 2460 tdixit:
1101 2404 1191 2463 Nunc
1209 2407 1337 2466 dimittis

140 2504 255 2544 servum
270 2494 357 2544 tuum
371 2485 521 2543 Domine
513 2505 545 2540 m
558 2503 636 2559 pace.

145 2566 171 2623 V.
208 2567 372 2642 Postquam
395 2565 511 2642 impleti
537 2570 607 2622 sunt
635 2564 696 2620 dics
723 2563 907 2640 purgationis
935 2562 1040 2620 Mariae
1061 2567 1221 2624 secundum
1242 2568 1337 2646 legem

139 2646 245 2722 Moysi,
260 2649 396 2705 tulerunt
422 2646 562 2704 Jesum
553 2666 586 2702 ιιι
614 2645 810 2715 Hierusalem,
834 2650 870 2700 ut
893 2644 1031 2701 sisterent
1058 2665 1126 2702 eum
1147 2647 1285 2723 Domino,
1306 2661 1336 2709 et

139 2727 265 2786 facerent
289 2728 448 2786 secundum
473 2726 715 2784 consuetudinem
737 2726 810 2801 legis
831 2744 885 2800 pro
904 2744 956 2782 eo:
975 2732 1005 2782 et
1022 2745 1087 2783 ecce
1101 2747 1192 2786 senex
1207 2729 1335 2807 Symeon

138 2809 257 2867 veniens
270 2810 304 2866 in
318 2808 454 2885 Spiritu
446 2828 479 2864 m
492 2809 644 2883 templum.
687 2807 812 2882 Accepit
825 2825 900 2862 eum.

202 2901 372 2960 Versiculos.
416 2901 597 2958 Obtulerunt
609 2920 663 2975 pro
677 2919 710 2957 eo
725 2900 861 2956 Domino.

194 2983 279 3058 Respa
323 2981 383 3039 Par
400 2988 561 3053 turturum,
577 2987 628 3037 aut
616 2981 715 3037 tduos
728 2981 825 3056 pullos
839 2979 1049 3038 columbarum.

201 3064 335 3122 Oremus.
380 3063 488 3121 Oratio.

196 3144 352 3202 Perfice
343 3163 377 3200 ιιι
403 3144 497 3215 nobis,
527 3162 701 3219 quaesumus,
731 3142 868 3214 Domine,
902 3141 1027 3218 gratiam
1054 3148 1146 3216 tuam,
1175 3146 1227 3220 qui
1256 3149 1333 3224 justi

138 3225 290 3302 Symeonis
311 3231 415 3301 expect
403 3224 547 3282 tationem
569 3223 707 3299 implesti,
721 3228 756 3280 ut
770 3223 847 3280 sicut
870 3222 921 3279 ille
935 3229 1059 3279 mortem
1075 3243 1136 3281 non
1150 3226 1234 3299 vidit,
1251 3231 1334 3304 prius

138 3326 224 3383 quam
238 3307 390 3363 Christum
404 3306 566 3362 Dominum
580 3305 679 3361 videre
693 3309 862 3375 mereretur,
873 3303 917 3360 ita
927 3309 958 3359 et
971 3323 1024 3360 nos
1037 3303 1132 3361 vitam
1147 3307 1331 3367 obtineamus

138 3395 283 3446 sternam.
327 3386 385 3443 Per
399 3386 523 3443 eundem
539 3384 698 3442 Christum.

194 3481 236 3538 In
249 3481 373 3538 introita
386 3479 471 3537 chori.
514 3477 747 3552 Responsorium.

195 3563 273 3619 Cum
285 3561 458 3619 inducerent
481 3578 606 3635 puerum
627 3558 648 3615 J
650 3578 731 3615 esum
752 3562 888 3633 parentes
910 3559 980 3633 ejus,
996 3560 1107 3635 accepit
1121 3583 1189 3620 eum
1203 3561 1331 3637 Symeon

136 3643 167 3700 in
190 3643 276 3700 ulnas
299 3662 374 3713 suas,
390 3647 420 3699 et
443 3641 596 3698 benedixit
622 3639 729 3712 Deum,
752 3645 783 3696 et
806 3638 905 3696 dixit:
934 3638 1023 3697 Nunc
1038 3641 1174 3716 dimittis,
1190 3643 1326 3717 Domine,

137 3743 251 3783 servum
266 3732 354 3781 tuum
366 3722 399 3778 in
412 3741 490 3798 pace.

144 3805 170 3864 V.
197 3805 356 3881 Accipicns
373 3791 534 3880 J'Symeon
526 3821 558 3856 in
586 3801 670 3857 ulnas
691 3819 816 3876 puerum
835 3799 868 3855 in
886 3799 1021 3859 manibus
1039 3804 1150 3878 gratias
1171 3824 1260 3882 agens
1278 3826 1327 3864 ex-

136 3886 281 3954 clamavit,
296 3886 416 3942 dicens:
438 3883 526 3940 Nunc
540 3881 674 3939 dimittis.

199 3965 368 4025 Versicalas.
412 3963 560 4040 Symeonj
564 3974 647 4019 ustus
661 3969 692 4019 et
705 3961 869 4019 timoratus.

193 4049 276 4127 Resp.
312 4047 427 4122 Expect
415 4045 497 4102 tabat
508 4043 738 4120 redemptionem
747 4043 888 4114 Israel
859 4062 875 4100 e
876 4041 990 4119 tSpirit
991 4063 1026 4099 us
978 4043 1159 4102 Sanctus
1168 4047 1322 4108 eratineo

102 4186 105 4194 .
195 4129 327 4186 Oremus.
373 4125 481 4184 Oratio

192 4209 320 4280 Exaudi,
335 4225 508 4283 quaesumus
524 4205 651 4263 Domine
653 4203 786 4279 ,plebem
801 4211 893 4297 tuam,
904 4210 934 4260 et
947 4224 1011 4279 quae
1030 4205 1211 4265 extrinsecus
1224 4229 1323 4269 annua

134 4291 238 4348 tribuis
261 4289 416 4348 devotione
439 4287 582 4358 venerari,
603 4285 729 4343 interius
751 4285 905 4377 assequi
888 4286 989 4341 oratiae
1016 4290 1075 4341 tuae
1101 4285 1166 4345 luce
1190 4293 1320 4350 concede.

135 4370 190 4430 Per
204 4372 355 4430 Christum
369 4369 532 4426 Dominum
544 4372 686 4424 nostrum.

433 4497 446 4527 ⁸
460 4495 512 4542 MS.
528 4495 558 4541 D.
560 4495 622 4540 -Et
631 4493 720 4539 ἅιοιιιιι
728 4490 811 4549 Proca,
820 4491 841 4538 si
849 4489 1020 4550 noeasefrerit
