2946 5002
649 329 745 396 Vesta
765 328 921 414 Auqucti.

193 453 196 457 ›
247 497 279 554 E
271 497 390 575 'tola
432 495 661 555 Eccesacerdos.

250 578 384 638 Grudele.
428 577 504 636 Ecce
520 578 660 636 sacerdos.

246 659 395 737 Alleluya.
443 658 603 719 VJustus
615 656 801 735 germinabit.

79 721 83 731 ’
128 800 131 805 ,
247 739 410 816 Sequentia
452 741 550 799 Adest
562 740 655 811 nobis
669 747 704 796 ut
716 758 751 795 ιιι
765 736 929 796 θοιιιιιιιιηι

246 819 464 898 Esuscqelium.
493 821 594 879 Homo
610 819 740 897 quidam.

249 900 444 976 Offlrtorc‘um.
485 902 615 960 Veritas.

247 981 428 1055 Communia.
470 983 608 1054 Domine,
623 981 761 1058 quinque.

434 1200 487 1257 Ao
507 1199 652 1257 Vmcuas
671 1213 778 1256 ιιιιοιι
797 1196 902 1256 Perua
947 1195 1029 1271 (Kal.
1045 1195 1140 1273 Aug.)

188 1342 388 1484 ngffieium.
432 1345 522 1404 Nune
549 1345 609 1403 seio
632 1363 711 1419 vere,
733 1342 847 1420 require
870 1345 905 1402 iu
927 1343 1012 1402 Festo
1035 1343 1230 1420 apostolorum
1251 1343 1334 1404 Petri
1355 1353 1382 1404 et

268 1447 288 1484 ι.

246 1513 411 1673 ssbdbioqui
431 1596 552 1654 beatum
574 1595 698 1653 Petrum
717 1594 883 1671 apostolum
902 1613 920 1651 a
940 1593 1048 1652 vinclis
1067 1594 1237 1652 absolutum
1255 1592 1380 1652 illaesum

186 1675 269 1735 abire
294 1675 390 1734 fecisti
400 1696 410 1749 3
443 1681 620 1748 nostrorum,
644 1695 818 1752 quaesumus,
838 1675 956 1733 absolve
984 1675 1104 1732 vincula
1129 1680 1323 1752 peccatorum,
1349 1681 1380 1734 et

186 1756 286 1815 omnia
298 1756 377 1815 mala
389 1776 408 1814 a
420 1757 506 1815 nobis
519 1756 697 1833 propitiatus
710 1755 841 1815 exclude.
885 1755 951 1813 Per.

246 1850 389 1908 Memoria
403 1850 437 1908 de
452 1849 643 1925 martyribus.

246 1930 391 1989 Fraterno
411 1948 474 2002 nos,
498 1930 634 2002 Domine,
656 1935 822 2006 martyrum
838 1934 958 1988 tuorum
980 1947 1086 1987 corona
1106 1927 1245 2001 latificet,
1262 1947 1327 2005 quae
1348 1935 1379 1986 et

185 2010 383 2150 {gippossqqltpae
404 1974 534 2088 praebeat
552 2010 744 2069 incitamenta
764 2011 920 2081 virtutum,
934 2015 965 2106 et
988 2009 1147 2085 multiplici
1166 2027 1220 2067 nos
1237 1972 1380 2140 'suffragio

246 2184 388 2260 Epistola
430 2183 518 2240 Misit
531 2182 674 2242 Herodes.

154 2348 160 2357 Ι
247 2276 383 2336 Gaudete.
428 2276 597 2334 constitues
611 2295 668 2333 eos.
759 2318 765 2326 .

245 2358 394 2434 Alleluya.
435 2357 465 2416 V.
487 2357 533 2414 Tu
544 2375 574 2414 es
584 2356 700 2430 Petrus,
709 2361 740 2414 et
749 2376 837 2434 super
846 2356 922 2414 hane
933 2362 1047 2434 petram
1058 2356 1206 2415 aedificabo
1217 2355 1378 2415 Ecclesiam

186 2457 288 2497 meam.

245 2527 427 2607 Sequentia*

304 2624 395 2694 Nunc
408 2622 473 2680 luce
485 2622 564 2680 alma
576 2621 752 2698 splendescit
765 2641 819 2698 per
831 2623 931 2680 orbem
944 2622 1006 2680 haec
1020 2622 1082 2681 dies
1096 2642 1161 2681 ecee
1173 2623 1308 2702 gloriosa,

304 2703 391 2762 Almi
403 2703 565 2761 recolamus
579 2703 663 2760 Petri
676 2722 747 2761 voce
760 2702 843 2760 celsa.

305 2783 467 2843 Gratanter
480 2783 614 2841 modulos
627 2783 825 2841 accommodet
838 2784 871 2840 in
884 2803 943 2858 qua

304 2864 463 2923 Vincentia
476 2883 605 2922 amorem
618 2864 656 2921 ob
669 2884 829 2940 supernum
842 2865 935 2922 crucis
949 2883 1036 2922 saerae
1049 2869 1160 2942 tropaea

305 2945 471 3016 Meritum†
485 2944 666 3022 gloriamque
680 2943 850 3020 praelatamss
863 2945 896 3002 in
910 2945 1019 3003 caelesti
1030 2945 1133 3022 gloria,

306 3026 365 3085 Pio
378 3025 465 3084 corde
478 3025 609 3083 fraterna
618 3025 785 3103 jubilatque
798 3031 905 3084 turma.

305 3105 366 3171 Qui
378 3126 397 3164 a
411 3106 528 3165 Ohn'sto
542 3106 654 3184 ligandi
667 3106 856 3183 solvendique
870 3105 947 3164 dona

303 3187 470 3265 Accipiam,
487 3187 614 3264 claviger
628 3186 756 3260 effectus,
771 3193 872 3246 nostra
886 3188 1032 3246 resolvens
1045 3187 1173 3260 vincula,

305 3268 494 3326 Sublevando
505 3268 622 3327 aetheris
635 3269 752 3326 sedibus
765 3274 911 3362 potestate
923 3288 977 3326 nos
990 3269 1110 3342 tradita,

304 3348 327 3408 J
328 3354 420 3426 ungat
433 3349 521 3406 coetui
533 3355 634 3408 sancto
648 3349 798 3407 culmine
789 3370 822 3407 m
834 3351 896 3426 poli
910 3350 1102 3429 Paradisique
1113 3349 1241 3408 amoenia

305 3429 369 3487 Ubi
382 3429 485 3488 adorat
498 3429 568 3487 ordo
581 3435 621 3501 te,
637 3429 736 3487 Christ
724 3436 754 3487 te
754 3431 924 3507 ,psallendo
937 3420 1107 3488 harmonica
1119 3449 1190 3488 voce
1203 3430 1314 3488 cantica

305 3511 393 3568 Nova
407 3515 574 3569 sanctorum
587 3511 786 3568 resonantium
802 3511 888 3569 laude
901 3510 1049 3588 angelicus
1062 3511 1185 3569 mellica.

304 3591 544 3669 Oonsupernam§
557 3592 742 3666 majestatem
755 3597 839 3648 tuam
852 3598 1003 3669 poscentes
1016 3592 1170 3649 humiliter
1183 3591 1300 3663 almam,

305 3672 398 3748 Cujus
415 3671 504 3765 digna
525 3691 580 3729 nos
593 3691 660 3730 cum
681 3672 741 3729 illis
754 3691 922 3731 resonemus
944 3692 1006 3730 una
1026 3672 1215 3750 rhythmica
1206 3692 1239 3730 ιιι
1253 3672 1374 3732 excelsis

344 3752 483 3827 carmina,

305 3832 505 3910 Caelestique
495 3853 529 3890 m
548 3832 641 3911 gloria
659 3832 784 3890 Trinum
802 3838 891 3911 atque
909 3832 1041 3892 Unum
1028 3832 1142 3911 Jugiter
1155 3852 1329 3894 veneremur
1341 3833 1374 3891 in

345 3934 423 3972 arva.

305 3995 389 4054 Celsa
402 3999 532 4073 potestas
545 3993 678 4070 angelica
691 4014 782 4052 ovans
794 4000 825 4053 te
838 3993 941 4052 laudat
954 3995 986 4052 in
999 3994 1113 4071 gloria3

304 4076 442 4135 Virtutes
455 4075 520 4134 caeli
532 4080 563 4134 te
576 4075 742 4153 glorificant
753 4095 806 4153 per
818 4082 905 4135 astra

241 4236 254 4261 ‘¹
270 4235 323 4280 MS.
335 4235 585 4282 A.-0ae1ienanant.
616 4234 661 4280 See
670 4234 734 4280 inira
743 4235 866 4296 Sequentia
875 4235 900 4282 ιιι
912 4234 1025 4283 Caemani
1033 4234 1191 4294 apostolorum

242 4309 256 4366 †
272 4306 305 4352 So
315 4305 435 4352 Hereford
442 4304 535 4352 Missal.
565 4305 638 4352 MSS.
649 4305 697 4351 and
707 4305 894 4352 Edd-Merito.

241 4378 255 4438 ss
272 4377 305 4422 So
314 4377 367 4422 MS.
379 4377 406 4424 Ο.
437 4376 496 4423 Edd.
507 4376 555 4422 and
564 4376 636 4423 MSS.
648 4376 671 4422 D
682 4375 730 4422 end
740 4377 912 4436 F-perlatam

242 4448 256 4509 ᾖ
273 4447 335 4495 This
343 4447 365 4494 is
374 4448 415 4495 the
424 4448 524 4507 reading
533 4448 558 4494 of
568 4446 688 4494 Hereford
697 4446 751 4494 MS.
762 4447 856 4495 Misssl.
886 4447 947 4493 Edd.
957 4447 1005 4493 and
1015 4445 1184 4494 mss-Hine
1194 4460 1328 4508 supernam
