2946 5002
623 372 719 434 Festo
741 371 770 435 J
771 370 844 434 ulii.

212 590 324 646 Eonsu
344 607 399 646 nur
420 605 602 647 sonorosus
623 588 770 646 Pnoessm
792 587 1249 659 erAur1s1As1,uisrrnun.

610 692 661 770 (vi.
679 693 758 750 Non.
774 694 854 770 Jul.)

195 818 336 894 Officium.
380 819 566 876 Judicabunt
580 821 682 876 sancti.

197 899 305 958 Oratio.

194 981 285 1052 Deus,
300 981 353 1056 qui
373 1000 426 1037 nos
447 987 615 1038 sanctorum
635 988 800 1057 martyrum
819 987 939 1038 tuorum
960 980 1093 1038 Processi
1107 987 1137 1038 et
1157 981 1334 1039 Murtiniani

135 1061 363 1120 confessionibus
383 1062 517 1138 gloriosis
537 1062 700 1119 circumdas
715 1069 745 1118 et
758 1063 906 1138 protegis:
928 1062 1063 1118 danobis
1078 1069 1108 1119 et
1122 1082 1223 1119 eorum
1237 1064 1333 1120 imita-

137 1143 216 1201 tione
228 1142 379 1218 proficere,
394 1148 425 1198 et
437 1143 646 1199 intercessione
660 1144 794 1218 gaudere.
839 1143 897 1199 Per
911 1143 1084 1202 Dominum.

195 1222 337 1299 Epistola.
381 1223 483 1280 Sancti
497 1225 659 1298 perfidem.

197 1303 330 1362 Grodole.
375 1304 587 1361 Exsultabunt.

195 1385 344 1460 Alleluya.
394 1385 422 1442 l'.
447 1385 550 1442 Sancti
563 1385 619 1454 tui,
635 1385 772 1455 Domine,
788 1385 974 1442 benedicent.

195 1466 397 1539 Evangelium.
441 1465 516 1522 (ium
532 1467 685 1522 audieritis
699 1466 807 1542 proelia.

197 1545 388 1620 Offertorium.
432 1546 657 1603 Gloriabuntur.

196 1626 317 1684 Secreto.

197 1708 324 1784 suscipe,
342 1708 479 1779 Domine,
500 1727 599 1784 preces
619 1714 649 1764 et
673 1728 797 1764 munera
820 1708 927 1778 oblata,
943 1728 1008 1782 quse
1033 1715 1067 1764 ut
1088 1716 1141 1764 tuo
1161 1709 1222 1765 sint
1243 1709 1334 1783 dignu

138 1796 302 1864 conspeetu,
328 1795 497 1846 sanctorum
522 1795 687 1863 martyrum
708 1795 829 1845 tuorum
851 1789 984 1845 Processi
1006 1796 1036 1845 et
1060 1789 1246 1860 Martiniani,
1272 1810 1334 1864 prc-

139 1869 218 1926 cibus
232 1870 416 1945 adjuvemur.
461 1869 520 1926 Per
534 1869 704 1926 Dominum.
761 1927 763 1931 ,

197 1949 380 2008 Communia
424 1951 537 2006 Anima
550 1957 660 2006 nostru.

197 2031 458 2088 Posteommonio.*

197 2110 334 2188 Corporis
362 2112 436 2168 sacri
464 2119 493 2168 et
520 2112 642 2188 pretiosi
676 2111 827 2186 sanguinis
854 2111 961 2186 repleti
988 2111 1129 2168 libamine
1156 2131 1332 2187 qrraesumus,

138 2191 264 2248 Domine
279 2192 361 2249 Deus
374 2198 485 2263 noster,
499 2200 535 2249 nt
549 2193 628 2268 quod
642 2193 691 2268 pia
705 2192 862 2249 devotione
882 2193 1020 2268 gerimus,
1035 2198 1116 2249 certa
1131 2192 1334 2268 redemptione.

139 2273 293 2349 capiamus.
338 2273 396 2329 Per
410 2274 582 2330 Dominum.

176 2480 278 2539 Primo
300 2499 354 2538 ms
375 2498 469 2538 muns
491 2481 632 2539 Gonnus
654 2480 891 2551 Arosrononun,
914 2481 1031 2553 qzrcoulo
1038 2482 1077 2553 fit
1092 2481 1126 2536 do
1139 2480 1293 2555 Apostotis.

200 2624 341 2700 Officium.
386 2624 465 2680 Mihi
479 2631 587 2682 autem.

201 2703 316 2764 Oratio
356 2706 446 2776 Deus,
462 2707 512 2780 qui
528 2706 700 2761 hodiernam
714 2705 799 2762 diem.

197 2787 338 2862 Epistola.
383 2787 496 2843 Scimus
510 2787 652 2860 ursoni-um
666 2785 859 2862 diligentibus
874 2784 981 2842 Deum.

202 2867 336 2926 Groclole
380 2867 418 2922 In
433 2887 548 2923 omnem
563 2874 680 2923 terram.

200 2949 349 3023 Alleluya.
399 2949 426 3004 Γ.
451 2948 550 3004 Nimis
564 2948 709 3003 honorati.

199 3029 362 3104 Sequentia.
407 3029 474 3085 Hae
496 3029 528 3084 iu
552 3029 600 3084 die
620 3029 660 3085 rel
682 3029 721 3084 In
744 3028 885 3096 sollemni,
902 3037 936 3084 ut
960 3028 993 3084 in
1011 3028 1175 3098 Uortumni,
1199 3031 1339 3087 <licuntur

137 3110 318 3182 alternatim,
331 3119 357 3166 et
371 3109 459 3166 etium
469 3109 503 3165 in
513 3109 670 3166 Dominico
680 3108 764 3183 ‘infru
777 3109 906 3179 Octooos,
918 3118 944 3166 et
958 3109 990 3166 iu
1004 3110 1118 3168 Ortovis
1128 3111 1337 3186 Apostolorum.

201 3191 403 3264 Bourspeliom.
448 3190 515 3247 Hoc
529 3197 573 3246 est
586 3199 774 3266 praeceptum.

204 3271 399 3345 Qffertorr'um.
444 3271 523 3327 Mihi
537 3278 644 3327 curtem.

204 3352 384 3410 Oomrnuuio.
429 3352 493 3408 Vos
507 3353 559 3426 qui
573 3353 666 3408 secuti
681 3352 752 3408 estis
767 3371 821 3408 me.

628 3565 771 3621 Sseusoo
793 3579 855 3618 our.

205 3677 346 3753 Officium.
391 3677 470 3732 Mihi
485 3682 592 3732 cutem.

206 3761 315 3818 Oratio.
360 3759 441 3814 Deus
456 3758 507 3832 qui
520 3757 700 3812 hodiernum.

204 3840 347 3916 Epistolo.
391 3839 449 3894 Per
463 3858 567 3894 manus
581 3837 790 3912 {spostolorum

207 3920 341 3978 Grodole.
386 3919 485 3974 Nimis
499 3917 643 3974 honorati.

204 4002 354 4075 Alleluya.
403 4001 431 4057 Γ,
456 4000 515 4056 Per
528 4018 633 4054 manus
647 3996 856 4073 apostolorum.

204 4082 405 4155 Evonpolr'urn.
450 4081 541 4136 Facta
555 4086 599 4135 est
613 4077 773 4134 eontentio.

208 4162 403 4236 Qffertoriunr.
448 4162 486 4217 In
500 4180 618 4216 omnem
632 4168 751 4215 terram.

207 4243 390 4302 Oomrrzunio.
435 4243 497 4317 Ego
512 4261 563 4297 vos
577 4239 661 4314 elegi.

207 4398 220 4420 *
237 4397 289 4440 MS.
302 4396 513 4449 D.-Quresrnnus,
525 4392 633 4447 Domine,
646 4390 729 4434 divino
740 4386 821 4432 reiecti
836 4383 959 4441 mysterio,
970 4388 996 4427 ut
1007 4384 1049 4440 qui
1065 4390 1201 4432 sorrctorunr
1211 4393 1343 4450 rnertyrurn

144 4461 243 4502 tuorum
255 4455 364 4500 Processi
375 4459 397 4498 et
406 4452 547 4496 Martiniuni
557 4449 684 4509 temporali
696 4444 915 4492 commemoratione
927 4442 1065 4498 minuemus,
1075 4458 1157 4491 corum
1168 4446 1344 4494 intercessioni-

144 4517 193 4562 bus
205 4515 230 4559 in
240 4529 267 4560 ea
277 4526 430 4558 muneremur
442 4515 504 4557 sorte
516 4510 643 4566 solutis,i11
654 4505 744 4565 quailli
756 4507 812 4547 sunt
823 4508 864 4546 tuo
875 4501 952 4557 gretia
962 4501 1067 4555 gloriosi
1100 4504 1146 4549 Per
1156 4505 1292 4552 Dominum.
