2946 5002
166 997 663 1115 ..SEQUENTIAE
712 999 1165 1100 OOMMUNES.

249 1435 289 1493 Iu
310 1434 409 1493 Fnsro
429 1451 523 1494 umus
543 1451 613 1494 siva
634 1451 837 1495 musmoann
857 1436 1094 1497 Arosronoaun.
1193 1513 1204 1518 .,

133 1539 295 1618 Sequenda
383 1595 386 1603 ‚
415 1597 417 1602 ,
462 1595 465 1599 ,
716 1546 721 1558 “
752 1600 755 1608 ,
879 1554 880 1558 ’
930 1554 933 1561 ’

71 1670 73 1675 .
192 1621 278 1680 (liare
297 1619 468 1701 sanctoruni
488 1616 608 1679 senatus
627 1621 836 1697 apostolorum,
857 1621 995 1699 princeps
1016 1622 1096 1680 orbis
1115 1627 1272 1692 terrarum,

271 1697 428 1780 rectorque
439 1707 608 1779 regnorum,

155 1838 158 1846 .
191 1783 390 1842 Ecclesiamm
403 1803 499 1841 mores
512 1789 543 1840 et
556 1783 652 1840 vitam
665 1782 817 1840 moderare
828 1803 838 1856 3

192 1865 265 1936 Quae
279 1883 333 1942 per
345 1865 512 1922 doctrinam
525 1869 609 1922 tuam
622 1863 724 1921 fideles
738 1870 809 1922 sunt
822 1863 941 1940 ubique.

190 1946 360 2004 Antiochus
373 1951 404 2003 et
417 1945 530 2002 Remus
543 1945 709 2011 concedunt
721 1945 787 2017 tibi,
803 1946 902 2016 Petre,
916 1942 1000 2021 regni
1013 1943 1121 2001 solium
1132 1962 1141 2016 3

190 2025 390 2101 Tyrannidem
403 2032 448 2098 tu,
464 2025 565 2098 Paule,
580 2025 818 2098 Alexandrinam
831 2025 967 2083 invasisti
981 2024 1133 2083 Graeciam.

190 2107 351 2183 AEthicpes
363 2106 507 2180 horridos,
523 2106 676 2181 Matthaee‚
692 2106 803 2183 agnelli
816 2106 934 2179 vellere,
947 2116 949 2119 '
988 2111 991 2114 ’

107 2238 111 2246 .
134 2245 138 2258 ,
192 2188 252 2259 Qui
262 2187 395 2254 maculas
407 2189 520 2246 nesciat
531 2189 656 2264 aliquas,
670 2188 788 2246 vestisti
801 2187 934 2247 candido.
1084 2208 1086 2212 ·

191 2262 313 2340 Thomu,
343 2262 568 2341 Bartholomaee,
597 2268 760 2342 «lohannes,
788 2269 936 2346 Philippa,
965 2268 1077 2339 Simon,
1106 2266 1272 2343 Jacobique

271 2348 389 2426 pariles,

190 2430 322 2502 Andrea,
337 2430 491 2504 Thaddaee,
507 2430 566 2487 Dei
584 2430 740 2488 bellatores
752 2430 866 2507 inclyti.

190 2509 240 2569 En
251 2531 305 2569 vos
325 2512 422 2569 oriens
436 2518 467 2569 et
487 2511 631 2584 occidens,
645 2513 736 2569 immo
755 2519 833 2569 teres
854 2509 960 2569 mundi
979 2510 1106 2568 circulus
1124 2528 1154 2567 se
1173 2514 1273 2586 patres

270 2592 378 2650 habere
391 2592 530 2668 gaudent,
544 2598 575 2650 ct
587 2599 746 2669 expectant
755 2592 879 2668 judices,

192 2672 233 2730 Et
247 2673 355 2731 idcirco
373 2674 502 2731 mundus
520 2673 616 2731 omnis
633 2673 734 2732 laudes
747 2673 833 2730 vobis
846 2679 878 2731 et
890 2670 1016 2730 honores
1030 2671 1140 2730 sanctis
1157 2671 1272 2730 debitos

270 2754 396 2831 supplex
409 2754 563 2831 impendit.
650 2784 652 2790 ¹

130 2858 204 2921 lom
216 2857 280 2917 alth
298 2857 462 2934 Septumio
514 2917 527 2942 ἶ,

188 2939 332 3016 Alleluya
345 2960 424 2998 nunc
438 2941 576 2999 decantet
597 2941 774 3000 universalis
787 2940 927 3015 Ecclesia,

188 3020 370 3080 Extollenda
383 3021 470 3079 laude
483 3022 561 3080 celsa
574 3022 776 3098 apostolorum
789 3022 925 3099 insignia

190 3101 324 3172 Quorum
337 3102 474 3179 princeps
487 3123 541 3179 per
554 3100 670 3161 crucem
684 3103 799 3160 scandit
812 3104 921 3161 Petrus
934 3102 996 3159 alta
1008 3101 1070 3177 poli
1083 3101 1179 3160 sidera
1189 3122 1199 3175 ;

188 3183 303 3240 Ductor
315 3183 394 3240 orbis
407 3184 574 3260 triumphat
587 3185 642 3241 sub
656 3184 777 3242 Nerone
790 3185 864 3240 urbe
877 3183 910 3240 in
924 3181 1078 3241 Romulea

187 3263 272 3321 Crux
285 3263 417 3322 Andreae
430 3264 521 3343 digna
534 3264 650 3352 confert
661 3264 792 3342 praemia,
805 3263 829 3322 J
829 3264 937 3322 acubus
950 3269 1076 3339 uterque
1090 3263 1168 3320 nitet

269 3344 380 3417 laurea,

187 3422 325 3483 Herodes
338 3425 433 3497 illum,
448 3425 529 3483 hunc
542 3425 564 3484 J
566 3425 671 3484 udaica
683 3445 754 3501 gens
768 3423 950 3483 transmittit
962 3425 1001 3483 ad
1014 3425 1131 3482 aethera

185 3505 266 3564 Sunt
272 3505 294 3564 J
295 3505 415 3578 ohanni,
428 3515 498 3564 sunt
507 3505 654 3565 Matthaeo
667 3507 774 3565 collata
787 3507 846 3564 duo
860 3505 939 3565 clara
951 3507 1115 3582 gratiarum
1128 3522 1267 3564 munera:

187 3585 341 3663 Hyrtacus
355 3587 441 3644 illum
454 3594 549 3660 necat,
564 3589 644 3646 hunc
664 3607 731 3647 suas
744 3587 767 3647 J
767 3608 834 3647 esus
846 3593 933 3646 vocat
945 3587 983 3646 ad
996 3587 1104 3663 epulas.

187 3664 355 3745 Philippus,
372 3667 486 3726 Christi
498 3670 596 3745 gratia
610 3669 725 3742 docens,
740 3670 881 3747 praedicat
891 3669 927 3726 in
941 3668 1069 3744 Scythia

186 3747 323 3821 Thomas,
337 3749 486 3808 confossus
499 3750 609 3824 lancea,
624 3771 742 3808 cursum
755 3755 940 3810 consummat
953 3750 986 3806 in
999 3748 1094 3808 India.

185 3828 290 3887 Simon
303 3836 334 3888 et
347 3828 369 3887 J
371 3830 444 3887 udas
457 3830 529 3888 dum
542 3829 624 3890 s'acra
638 3831 737 3890 Persis
750 3832 912 3890 ostendunt
925 3830 1049 3902 monita,

185 3907 284 3968 Fusus
296 3911 416 3988 sanguis
429 3911 530 3969 ambos
543 3904 619 3970 stola
632 3912 804 3988 perornavit
816 3930 972 3989 purpurea.

184 3990 421 4050 Bartholomaeus
434 3992 487 4049 dat
499 3992 585 4050 Indis
598 3995 668 4051 vitae
682 3993 827 4070 dogmata

185 4071 325 4130 Mauhiae
339 4073 469 4130 culmina
482 4069 565 4135 dedit
578 4093 641 4132 sors
654 4075 823 4150 apostolica.

186 4150 315 4212 Plaudet
329 4173 398 4230 ergo
418 4146 515 4225 tellus}
531 4149 653 4230 plaudat
666 4155 805 4214 caelorum
824 4152 988 4225 machinu‚'
1010 4158 1040 4209 et
1053 4152 1108 4210 hac
1122 4151 1170 4210 dic
1183 4169 1266 4210 sacra

264 4234 389 4310 plaudat
401 4253 528 4310 praesens
541 4235 664 4305 familia,

185 4315 371 4376 Honorando
384 4312 571 4397 sacrosancta
581 4316 784 4392 apostolorum
796 4315 911 4374 merita

387 4469 402 4496 ⁵
417 4469 504 4517 Sarum
514 4445 693 4521 and'Hereford
702 4467 941 4515 Missus—“curia''
