2946 5002
216 406 257 474 74
669 415 765 480 Festa
785 415 946 500 Aapasti.

276 573 456 635 Communia
500 579 635 653 Domine,
652 582 790 658 quinque.

274 668 536 729 Postcommanio.*

275 748 350 806 Haec
363 770 417 807 nos
430 752 604 826 communio,
619 753 755 827 Domine,
771 761 877 832 purget
890 776 908 813 a
922 757 1051 829 crimine,
1063 762 1094 814 et
1106 757 1305 815 intercedente
1318 744 1405 814 beato

214 827 363 904 Stephano
386 839 516 907 ma1tyre
539 840 592 890 tuo
615 840 704 911 atque
727 836 874 911 pontifice,
889 837 1011 895 caelestis
1024 837 1147 895 remedii
1160 838 1250 896 faciat
1264 857 1325 895 esse
1339 859 1405 896 con-

215 915 315 966 sortes.
358 911 417 968 Per
430 912 601 972 Dominum.

214 1175 778 1246 IrIrvnrr1orasArorrsrrrrmm
801 1194 1059 1251 Psoronnarrars,
1082 1194 1297 1246 soorononooa
1325 1192 1403 1234 mos.

679 1283 732 1362 (iii.
748 1285 827 1342 Non.
844 1285 940 1362 Aug.)

276 1428 415 1505 Offiaimm
458 1431 578 1488 Etenim
586 1431 732 1503 sederunt,
748 1432 908 1506 nequirem
917 1431 1002 1490 Festo
1016 1431 1143 1506 mandem
1156 1431 1250 1488 soracti
1263 1429 1406 1504 Stephani

214 1508 298 1584 infra
311 1511 450 1569 Natalem
463 1511 592 1570 Domini.

277 1591 388 1650 Oratio.

275 1672 364 1745 Deus,
380 1673 475 1749 quies
489 1679 657 1730 sanctorum
669 1678 790 1730 tuorum
803 1673 940 1749 splendor
953 1672 1114 1745 mirabilis3
1138 1675 1189 1748 qui
1203 1672 1345 1728 hodierna
1359 1671 1406 1727 die

214 1754 370 1810 beatorum
394 1754 544 1830 Stephani,
564 1753 729 1827 Nicodemi,
744 1754 920 1823 (ismahelis,
938 1760 1027 1829 atque
1041 1754 1189 1810 Abibonis
1203 1754 1407 1810 inventionem

212 1833 369 1909 gloriosam
391 1835 529 1911 revelasti
539 1855 547 1907 3
572 1834 719 1904 danobis,
745 1855 920 1911 quaesumus,
945 1836 978 1891 in
998 1840 1109 1891 aeterna
1129 1834 1235 1892 laetitia
1252 1834 1405 1890 decorum

214 1914 353 1972 societate
365 1916 498 1992 gaudere.
542 1916 600 1973 Per
613 1915 784 1972 Dominum.

273 2008 415 2083 Epistola.
459 2008 626 2085 Stephanus
638 2009 741 2085 plenus
754 2010 857 2086 gratia,
871 2019 906 2066 at
918 2008 1003 2084 infra
1016 2008 1208 2066 Nativitatem
1219 2007 1350 2066 Domini.

276 2087 351 2148 Cam
367 2088 499 2146 Gaadali.
543 2089 697 2146 Sederunt.

275 2170 424 2246 Alleluya.
473 2170 502 2228 V.
525 2170 623 2226 Video
637 2171 721 2227 caelos
737 2176 862 2246 apertos.

273 2250 437 2325 Sequentia.
480 2251 608 2325 Magnus
623 2251 713 2322 Deus,
728 2259 752 2308 et
767 2261 865 2322 cetera,
880 2261 915 2308 at
927 2251 962 2308 in
972 2252 1030 2308 atio
1044 2251 1135 2309 Festo.

275 2331 476 2405 Eneapeliam.
519 2331 594 2387 Ecce
607 2351 659 2406 ego
673 2332 761 2388 mitto
773 2332 811 2389 ad
824 2352 883 2389 vos.

276 2411 469 2486 Offirtorimn.
512 2411 675 2486 Elegerunt
687 2413 821 2488 apostoli,
835 2413 930 2487 qnare
943 2413 977 2469 in
992 2411 1100 2470 Octava
1113 2411 1207 2470 sanai
1220 2409 1370 2487 Stephani.

275 2504 495 2657 ᾕῖιῗέῗὲᾒὺί,
521 2585 658 2656 Domine,
686 2591 794 2642 nostrae
822 2585 986 2642 devotionis
1014 2586 1171 2658 offerimus,
1201 2605 1266 2661 quae
1295 2592 1325 2641 et
1352 2605 1406 2660 pro

214 2671 336 2722 tuorum
348 2665 406 2722 tibi
419 2671 503 2740 grata
516 2666 577 2722 sint
587 2665 882 2739 honoresanctorum,
891 2671 922 2723 et
935 2667 1019 2724 nobis
1033 2667 1181 2738 salutaria,
1194 2672 1224 2723 te
1238 2667 1406 2737 miserante,

215 2746 385 2805 reddantur.
428 2747 487 2803 Per
500 2746 670 2803 Dominum.

276 2836 458 2896 Omnmanio.
501 2838 599 2896 Video
615 2838 706 2895 caelos.
777 2875 780 2881 ·

275 2931 519 2989 Postcommanio.
1332 3003 1335 3010 Ι

276 3012 468 3087 Sumpsimus,
482 3012 617 3085 Domine,
633 3017 801 3069 sanctorum
821 3018 941 3069 tuorum
956 3012 1107 3089 Stephani,
1122 3013 1286 3085 Nicodemi,
1302 3012 1408 3069 Gama-

213 3092 299 3164 lielis,
328 3099 417 3169 atque
444 3093 592 3150 Abibonis
618 3093 820 3150 inventionem
848 3093 1036 3166 celebrantes,
1065 3100 1246 3151 sacramenta
1267 3094 1407 3164 caelestia3

213 3179 329 3250 praesta,
344 3193 519 3250 quaesumus,
533 3180 568 3232 ut
581 3174 660 3250 quod
680 3174 881 3251 temporaliter
900 3176 1029 3252 gerimus
1043 3175 1160 3232 aeternis
1178 3175 1294 3252 gaudiis
1308 3193 1405 3231 conse-

216 3274 348 3330 quamur.
392 3255 451 3312 Per
464 3255 634 3313 Dominum.

357 3517 408 3598 [ΙΝ
430 3519 555 3577 OcrAVA
575 3534 681 3576 sartam
703 3519 809 3591 Parin,
825 3521 943 3594 qnando
957 3520 992 3577 de
1005 3540 1035 3577 eo
1041 3522 1082 3593 fit
1095 3519 1252 3577 servitiam.

275 3685 325 3742 Aa
338 3683 470 3740 Missam.
516 3679 655 3755 Officium,
671 3691 696 3739 et
721 3691 832 3753 oetera;
853 3684 928 3740 sicat
945 3683 980 3740 in
1000 3684 1046 3740 die
1071 3703 1136 3740 cam
1160 3683 1257 3759 Kyrie
1279 3683 1404 3758 eleyson,

217 3765 319 3822 Gloria
332 3765 365 3821 in
375 3762 504 3835 excelsis,
514 3762 649 3834 Sanctus,
658 3771 684 3819 et
694 3763 799 3839 Agnus
810 3784 819 3836 ;
839 3764 914 3822 siem
927 3763 1011 3839 infra
1026 3764 1147 3823 Oetaeas
1155 3765 1330 3840 praecipuas,
1341 3785 1407 3822 cam

215 3845 379 3922 Sequentia,
394 3844 462 3901 Hac
475 3843 508 3900 in
521 3842 577 3914 die,
594 3852 620 3900 et
633 3844 695 3900 sine
713 3843 814 3901 Credo.

275 3937 433 3995 Dominioa
445 3934 530 4010 infra
543 3936 661 3992 dicatam
674 3936 708 3992 de
722 3955 752 3993 eo
766 3956 831 3993 cam
847 3935 952 4010 Officio,
968 3946 1002 3994 at
1019 3958 1110 4013 snpra
1129 3958 1195 3996 cam
1208 3938 1365 4013 Sequentia
1382 3946 1408 3995 et

216 4017 428 4077 Credo-MS.
445 4014 497 4096 D.]

276 4195 288 4220 *
304 4194 357 4240 MS.
368 4194 565 4249 D.-Sumentes,
574 4191 684 4250 Domino,
693 4192 775 4236 divina
783 4192 904 4252 mysteria,
912 4193 1159 4251 quammus,11tbeati
1168 4192 1283 4250 Stephani
1293 4193 1407 4251 martyris

216 4253 253 4297 tui
277 4257 348 4321 atquo
373 4253 495 4310 pontilicis
518 4251 688 4297 intercessione
713 4256 808 4297 aeternae
832 4252 901 4297 nobis
925 4252 1046 4310 praebeant
1069 4252 1216 4297 incrementa
1230 4251 1328 4296 laetitiae.
1360 4251 1407 4296 Por

216 4313 355 4430 DominllIS.
372 4370 582 4416 D.-Seorificium
591 4369 644 4425 tibi,
654 4369 763 4424 Domine,
773 4369 879 4413 fidelium
888 4372 985 4414 tuorum
995 4369 1058 4413 votis
1072 4369 1179 4414 oblatum
1195 4383 1293 4414 serenus
1302 4369 1407 4427 intende,

215 4433 243 4474 ut
253 4429 317 4486 quod
327 4428 419 4474 delecto
434 4430 536 4488 martyri
549 4433 592 4476 tuo
610 4429 738 4487 Stephano,
749 4428 886 4483 Nicodemo,
898 4427 1031 4483 Gamalieli,
1041 4431 1113 4486 atque
1124 4429 1232 4474 Abiboni
1245 4429 1359 4474 hodierna
1368 4430 1406 4473 in-

215 4488 441 4592 {epglpprppmeorum
466 4489 567 4536 contulit
590 4488 677 4547 gloria,
696 4487 766 4546 nobis
789 4487 820 4532 ad
843 4488 1029 4547 redemptionem
1053 4487 1131 4546 prosit
1156 4491 1180 4533 et
1204 4487 1313 4546 gratiam.
1360 4489 1407 4533 Per
1469 4549 1472 4555 Ι
