2946 5002
566 443 663 510 raa
682 443 839 528 nausa
948 461 951 467 ·

263 674 375 734 Sercrr
396 674 548 749 Oswunm,
569 691 657 733 aruis
678 691 716 732 rr
735 690 896 732 uasrrau.
941 672 1031 753 (Non.
1046 675 1139 754 Aug.)

79 868 86 886 .
166 818 308 894 Officium.
351 822 634 899 Laetabiturjustus.

166 901 276 960 Oratio.

97 1015 100 1020 ·
166 982 361 1059 Omnipotens
378 984 555 1060 sempiterne
572 983 663 1057 Deus,
679 984 731 1061 qui
750 984 839 1061 hujus
857 983 917 1042 diei
931 984 1092 1060 jocundam
1111 984 1247 1042 laetitiam
1267 984 1299 1040 in

101 1063 200 1120 sancti
222 1065 299 1121 servi
320 1064 367 1121 tui
389 1064 518 1122 Oswaldi
538 1066 673 1141 passione
695 1065 887 1137 consecrasti;
911 1065 949 1122 de
970 1066 1105 1123 cordibus
1125 1066 1233 1123 nostris
1252 1066 1300 1121 tui

101 1144 215 1202 amoris
238 1145 428 1221 caritatisque
454 1153 665 1222 augmentum;
693 1153 728 1203 ut
752 1148 835 1222 cujus
857 1146 891 1202 in
917 1148 1004 1203 terris
1028 1146 1123 1204 sancti
1149 1146 1300 1223 sanguinis

103 1225 278 1282 effusionem
292 1226 481 1297 celebramus,
495 1227 576 1285 illius
592 1228 626 1284 in
643 1227 713 1284 caelo
734 1228 841 1285 collata
862 1228 1025 1303 patrocinia
1047 1228 1195 1285 mentibus
1213 1227 1301 1284 senti·

105 1325 200 1362 amus.
243 1305 309 1363 Per.

168 1386 313 1443 Meritoria
325 1388 360 1444 do
373 1396 471 1444 comto
484 1389 579 1446 Petro.

167 1465 309 1542 Epistola.
352 1468 463 1525 Beatus
476 1468 524 1526 vir
536 1468 588 1545 qui
601 1469 748 1526 inventus.

171 1545 305 1605 Grodolc.
349 1548 487 1606 Posuisti.
617 1599 623 1614 ,

167 1628 316 1704 Alleluya.
366 1629 396 1687 V.
418 1631 482 1687 Iste
495 1635 621 1688 sanctus.

169 1708 332 1783 Sequentia.
377 1710 538 1786 Organicis,
553 1720 588 1767 at
600 1711 634 1767 in
649 1709 813 1769 Octauiani.

169 1789 369 1864 Eooapcliam.
412 1791 578 1849 Secundam
591 1792 710 1849 Ducam.
754 1792 786 1850 si
800 1793 866 1868 quis
879 1792 952 1850 rult.

172 1869 363 1943 offortorium.
405 1871 543 1929 Posuisti.

171 1951 291 2009 Secreta.
732 1992 735 1997 -

171 2031 255 2104 Haec,
270 2032 405 2104 Domine,
421 2053 597 2109 quaesumus
612 2053 744 2103 munera,
759 2052 824 2108 quae
842 2033 875 2089 in
887 2034 966 2090 beati
984 2032 1115 2090 Oswaldi
1135 2051 1305 2090 commemo-

108 2111 226 2169 ratione
239 2119 298 2170 tuae
312 2114 461 2188 majestati
474 2115 632 2187 offerimus,
646 2114 791 2191 benignus
804 2134 926 2172 assume.
969 2113 1035 2174 Per.

173 2192 354 2251 Communia
398 2194 508 2271 Magna
521 2200 573 2253 est.
699 2190 701 2194 ’

172 2274 413 2333 Postcommaotio.

172 2354 294 2428 Praesta,
313 2375 489 2432 quaesumus,
513 2355 698 2431 omnipotens
719 2355 810 2428 Deus,
829 2362 865 2413 ut
885 2356 963 2432 quod
982 2363 1084 2414 nostra
1104 2355 1228 2413 scientia
1247 2374 1307 2412 non

109 2438 273 2510 praesumit,
287 2438 350 2512 ejus
363 2438 416 2513 qui
429 2437 485 2493 tibi
506 2436 632 2494 fideliter
652 2438 776 2494 servivit
796 2438 1013 2496 interveniente
1034 2437 1153 2509 auxilie,
1169 2437 1307 2512 consequi

111 2535 285 2574 mereamur.
329 2518 387 2574 Per
401 2517 572 2574 Dominum.

279 2721 390 2781 Seueri
412 2722 507 2795 Sixri,
530 2738 614 2779 rara
635 2740 672 2780 nr
696 2740 855 2782 uanrrais.
899 2723 973 2803 (viii.
989 2723 1034 2780 Id.
1050 2724 1144 2801 Aug.)

177 2863 316 2938 Officiaon.
359 2865 527 2923 Sacerdotes
540 2866 593 2922 tui.

177 2945 286 3004 Oratio.
694 3003 697 3009 .

175 3026 265 3098 Deus,
280 3027 333 3103 qui
346 3027 488 3102 conspicis
502 3027 572 3103 quia
586 3047 623 3084 ex
637 3027 720 3084 nulla
733 3034 835 3085 nostra
842 3028 955 3085 virtute
966 3029 1151 3086 subsistimus
1163 3049 1172 3101 3
1186 3029 1309 3085 concede

112 3107 268 3182 propitius,
294 3113 330 3163 ut
356 3108 564 3164 intercessione
583 3109 664 3164 beati
684 3108 772 3178 Sixti,
797 3109 936 3185 martyris
963 3110 1010 3166 tui
1036 3115 1125 3185 atque
1152 3110 1307 3185 pontificis

115 3193 219 3245 contra
233 3189 331 3244 omnia
344 3187 465 3245 adversa
478 3189 654 3245 muniamur.

176 3267 286 3326 Eodem
300 3268 346 3325 dic
359 3279 524 3326 sanctorum
537 3269 710 3326 Felicissimi
724 3279 749 3327 ct
763 3268 891 3345 Aqopiti.

177 3347 267 3419 Deus,
283 3350 334 3425 qui
347 3369 401 3406 nos
417 3349 551 3408 concedis
570 3356 735 3407 sanctorum
758 3357 922 3425 martyrum
943 3356 1063 3408 tuorum
1086 3351 1261 3407 Felicissimi
1281 3357 1311 3405 et

116 3429 241 3505 Agapiti
267 3430 404 3486 natalitia
430 3431 541 3502 colere;
572 3430 609 3486 da
636 3431 721 3488 nobis
748 3432 780 3487 in
808 3437 917 3489 aeterna
943 3432 1127 3490 beatitudine
1149 3431 1186 3488 de
1210 3450 1309 3487 eorum
1384 3450 1388 3458 ·

116 3511 255 3567 societate
268 3511 401 3586 gaudere.
445 3511 509 3568 Per.
552 3510 613 3569 soh
627 3532 690 3568 aaa
704 3511 887 3570 conclusimoc.

178 3591 322 3650 Memoria
336 3593 370 3648 dc
383 3602 481 3648 coacto
494 3592 588 3650 Petro.

178 3671 318 3747 Epistola.
361 3672 518 3729 Justorum
532 3675 644 3732 animae.

181 3751 315 3810 Grodolc.
359 3753 528 3810 Sacerdotes
542 3755 613 3829 ejus.

179 3833 328 3909 Alleluya.
376 3834 406 3892 V.
429 3834 562 3909 Diposui.

119 3959 123 3965 .
179 3913 381 3988 Eooaocliroa.
423 3914 499 3971 Ecce
513 3935 565 3990 ego
578 3914 667 3972 mitto
680 3935 740 3973 vos.

181 3993 372 4068 Offcrtoaium
416 3995 565 4052 Mirabilis
579 3996 669 4054 Deus.

180 4074 299 4133 Secreto.

183 4156 340 4214 sacrificiis
360 4158 562 4232 praesentibus,
579 4157 716 4227 Domine,
731 4175 907 4232 quaesumus,
928 4154 1049 4213 intende
1065 4155 1207 4231 placatus
1229 4160 1264 4210 ut
1284 4160 1314 4212 et

121 4237 271 4296 devotioni
284 4243 393 4294 nostrae
406 4239 562 4314 proficiant
575 4243 605 4294 et
619 4237 717 4294 saluti.

180 4317 377 4376 altaserram
390 4319 441 4376 sab
456 4320 553 4377 codem
567 4318 752 4376 maoluabac.

181 4398 309 4456 Munera
322 4399 388 4469 tibi,
404 4400 540 4470 Domine,
557 4403 665 4455 nostrae
678 4395 844 4453 devotionis
864 4397 1021 4468 offerimus,
1036 4416 1100 4472 quae
1120 4417 1174 4474 pro
1194 4404 1313 4455 tuorum

120 4479 178 4536 tibi
188 4485 273 4554 grata
283 4481 344 4536 sint
353 4481 464 4538 honore
473 4481 624 4556 justorum
634 4482 664 4533 et
672 4476 757 4532 nobis
768 4475 918 4550 salutaria,
926 4483 957 4536 te
967 4478 1134 4552 miserante,
1142 4480 1311 4536 reddantur.

122 4560 182 4617 Per
194 4560 364 4618 Dominum.
