2946 5002
614 313 866 419 'astartae
1307 356 1347 413 sa

208 519 319 673 &zipp-
328 599 381 677 qui
407 600 581 659 hodiernam
608 601 686 659 diem
713 602 913 679 apostolorum
948 608 1068 659 tuorum
1097 600 1179 658 Petri
1201 607 1232 658 et
1259 600 1346 657 Pauli

147 682 287 758 martyris
306 682 500 740 consecrasti:
522 681 559 739 da
586 683 713 740 ecelesiae
740 689 799 739 tuae
824 702 926 739 eorum
950 684 983 739 in
1011 682 1147 739 omnibus
1168 682 1251 758 sequi
1272 701 1343 757 prae-

147 769 274 841 oeptum,
288 782 341 839 per
355 782 429 838 quos
442 763 594 839 religionis
607 764 734 838 sumpsit
747 763 911 820 exordium.
955 762 1014 820 Per
1026 763 1197 820 Dominum.

208 843 304 902 Lectio
317 843 447 902 Aetuum
459 843 665 919 Apostolorum
677 845 748 918 (xit.
767 844 867 918 1-11).

207 924 248 982 In
268 925 372 982 diebus
395 925 463 997 illis,
479 925 566 982 Misit
581 924 716 982 Herodes
737 945 791 983 rex
812 945 924 997 manus,
940 932 976 982 ut
996 925 1138 1000 affligeret
1159 926 1346 999 usqueadeo

146 1005 184 1064 de
197 1006 279 1064 omni
292 1006 497 1082 expectatione
510 1005 605 1082 plebis
618 1006 639 1062 J
641 1007 800 1064 udaeorum

209 1085 343 1144 Gradale.
387 1086 557 1144 Constitues
570 1107 626 1144 eos.

205 1167 356 1244 Alleluya.
405 1167 434 1225 V.
456 1167 528 1225 Non
542 1186 596 1225 vos
609 1187 664 1226 me.

204 1245 387 1324 Sequentia*
536 1255 539 1260 “

145 1328 247 1387 Laude
261 1329 393 1406 jocunda
405 1330 496 1388 melos
511 1337 610 1388 turma
623 1350 754 1406 persona,

144 1411 166 1470 J
167 1411 304 1487 ungendo
316 1413 407 1469 verba
420 1411 600 1487 symphoniae
614 1412 790 1485 rhythmica,

145 1491 330 1568 (lonerepans
343 1493 455 1569 inclyta
468 1493 623 1549 harmonia
636 1513 707 1549 vera
721 1493 784 1550 caeli
797 1493 919 1564 lumina,

145 1572 224 1631 Luae
237 1573 292 1649 qui
304 1592 393 1630 aurea
406 1573 596 1630 illustrarunt
609 1574 715 1630 mundi
728 1593 819 1650 regna
832 1575 950 1645 omnia3

144 1652 283 1711 Vernant
296 1653 386 1712 fortia
401 1655 466 1730 jam
480 1673 605 1730 quorum
619 1660 730 1729 tropaea
743 1655 775 1711 in
790 1654 854 1711 caeli
866 1655 967 1730 regia3

145 1734 278 1804 Quorum
291 1735 398 1792 merita
411 1735 575 1792 dissolvant
588 1735 713 1792 erimina
726 1735 780 1792 hae
795 1735 842 1792 die
855 1735 974 1810 fulgida.

143 1815 223 1873 Nam
236 1817 313 1873 alter
326 1815 419 1874 crucis
433 1815 575 1891 supplicio
589 1815 784 1892 triumphans,
799 1816 875 1872 alter
891 1818 969 1872 ensis
986 1815 1100 1891 jugulo,
1120 1821 1244 1892 uterque
1266 1816 1343 1874 nitet

222 1896 341 1955 laurea:
362 1916 366 1922 ’

143 1976 183 2034 Et
196 1997 286 2055 super
298 1977 438 2035 sublimes
452 1978 555 2049 sidera,
570 1977 699 2054 insignes
713 1975 846 2048 victoria,
862 1977 959 2034 caelica
973 1977 1087 2052 praelati
1098 1984 1169 2033 sunt
1183 1976 1215 2033 in
1229 1976 1318 2035 ouria.

142 2056 232 2131 Hine,
249 2059 334 2116 beate
348 2057 446 2129 Petre‚
461 2059 514 2133 qui
527 2059 658 2115 maxima
671 2077 789 2127 reseras,
804 2058 924 2128 claudis,
940 2059 1030 2114 verbo
1044 2057 1108 2114 caeli
1120 2057 1241 2129 lumina,

142 2139 231 2197 Sume
243 2140 311 2215 pius
324 2145 395 2195 vota
408 2140 524 2196 fidelia:
548 2141 661 2215 peceati
674 2145 780 2197 cuneta
793 2138 978 2203 dissolvendo
992 2138 1118 2196 vincula.

141 2221 236 2292 Sacra,
253 2220 356 2291 Paule,
371 2220 471 2295 ingere
485 2221 630 2296 dogmata,
646 2221 800 2278 illustrans
813 2221 906 2297 plebis
920 2227 1038 2295 pectora
1052 2241 1057 2276 :

140 2300 181 2359 Et
193 2320 347 2377 quousque
361 2299 443 2357 Deus
457 2302 508 2358 det
520 2301 659 2377 perlecta,
674 2301 753 2358 ultra
767 2301 811 2358 ser
827 2309 939 2358 mentes
954 2301 1056 2358 sidera.

140 2381 295 2443 Pulchris†
308 2401 367 2458 qua
379 2384 505 2439 resultet
519 2383 630 2440 musica·
643 2383 791 2440 virtutum
805 2382 912 2440 fidibus
926 2389 1015 2457 atque
1030 2382 1112 2439 melis
1126 2382 1256 2454 concina,
1342 2437 1347 2446 ,

139 2461 178 2520 In
192 2483 252 2539 qua
265 2462 440 2540 symphonia
453 2464 610 2521 miscetur:
632 2470 662 2521 et
675 2464 728 2521 illa
742 2484 806 2540 quae
821 2484 890 2521 vere
905 2465 1086 2522 diatessaron
1100 2465 1204 2539 prima,

140 2541 286 2602 Constans
299 2545 413 2602 virtute
426 2551 457 2601 et
473 2545 601 2620 justitia,

139 2623 346 2701 Temperantia
359 2632 389 2682 et
406 2626 573 2702 prudentia,

140 2704 255 2774 Quibus
265 2726 371 2782 supera
381 2707 499 2782 agmina
509 2707 566 2764 rite
577 2707 713 2763 decorata
724 2707 842 2764 Christo
853 2706 967 2763 cantica
977 2705 1108 2782 psallunt
1119 2708 1335 2781 enharmonica,

138 2784 250 2844 Nostro
264 2787 326 2844 sint
338 2787 426 2844 choro
440 2787 538 2844 socia:
566 2787 618 2844 illa
635 2788 707 2844 dent
724 2789 839 2845 lumina
856 2788 923 2864 quis
944 2789 1086 2863 praeconia
1109 2788 1212 2845 damus
1234 2789 1338 2866 hyper-

127 2918 130 2923 .
201 2867 318 2944 lyrica.

139 2947 271 3006 Sublime
285 2949 386 3006 dicant
399 2969 478 3006 nune
492 2950 592 3006 omnia
604 2950 704 3007 Amen
719 2950 878 3026 redempta.

197 3029 398 3104 Eaanqelium.
442 3031 536 3087 Venit
560 3029 648 3088 Jesus
670 3031 703 3087 in
724 3037 824 3107 partes
843 3031 998 3101 Caesaraeae‚
1014 3051 1108 3106 qucere
1130 3032 1165 3088 ira
1188 3031 1336 3090 Cathedra

137 3110 231 3168 saneti
244 3112 334 3169 Petri.
1179 3128 1181 3132 ’

197 3191 300 3252 Credo.

198 3272 391 3347 Offlrtora'um.
436 3273 606 3332 Constitues
620 3294 674 3332 eos

196 3354 317 3412 Secreta.

196 3434 329 3506 Hostiae,
345 3435 481 3506 Domine,
498 3455 570 3511 quas
584 3436 765 3492 nominituo
779 3436 987 3492 consecrandas
1001 3436 1158 3501 offerimus,
1175 3432 1334 3510 apostolica

129 3520 331 3592 'prosequatur
344 3517 456 3573 oratio:
477 3536 530 3592 per
543 3536 632 3591 quam
647 3536 701 3574 nos
715 3523 745 3574 et
759 3516 874 3592 expiari
888 3517 1001 3573 tribuas
1016 3522 1046 3573 et
1060 3516 1185 3572 defendi.
1230 3514 1296 3572 Per.

198 3596 375 3655 detrimento.

195 3678 241 3735 Tu
255 3699 286 3736 es
307 3679 432 3736 Petrus:
454 3682 485 3735 et
498 3697 586 3754 super
599 3678 675 3736 hano
689 3685 804 3755 petram
825 3678 974 3735 aedificabo
988 3678 1138 3736 ecclesiam
1152 3695 1255 3732 meam.

195 3759 435 3818 Postcommunio.

195 3840 275 3910 Quos
297 3841 414 3912 caelesti,
432 3841 570 3911 Domine,
588 3840 728 3898 alimento
743 3840 868 3913 satiasti,
883 3839 1053 3916 apostolicis
1073 3836 1331 3895 intercessionibus

134 3917 172 3973 ab
186 3922 266 3978 omni
279 3941 332 3978 nos
346 3921 525 3979 adversitate
538 3922 662 3978 custodi.
705 3921 772 3979 Per.

267 4102 306 4157 Iu
328 4102 613 4158 Oouuruonarroun
635 4116 740 4157 sarem
762 4100 868 4158 Pium.
913 4098 1005 4174 (Prid.
1029 4095 1098 4152 Kal.
1121 4095 1143 4152 J
1145 4095 1198 4172 ul.)

196 4222 334 4296 Officium.
378 4223 444 4280 Scio
458 4223 507 4279 eui
521 4221 639 4294 credidi,
655 4230 689 4278 ut
702 4222 736 4278 in
751 4220 942 4280 Oooaerao'oue
956 4219 1091 4294 ejusdem.

194 4303 354 4462 ghhiiiqui
375 4383 599 4441 multitudinem
620 4382 754 4458 gentium
771 4382 850 4438 beati
870 4380 959 4437 Pauli
979 4380 1105 4456 apostoli
1127 4381 1172 4438 tui
1194 4380 1330 4456 praediea—

329 4507 342 4534 *
357 4505 411 4550 MS.
423 4502 673 4548 A.-0ae1ienarrane
851 4499 864 4558 t
879 4499 933 4544 MS.
945 4498 1094 4544 D—Dulois.
