2946 5002
220 358 283 422 194
579 354 771 422 Benedictio
785 357 879 424 Solia
893 367 922 425 et
937 359 1055 447 Aqua.
1113 446 1118 456 ,

277 521 443 581 Benedictio
456 520 528 580 solis
540 520 592 581 too
604 522 708 582 modo:

215 627 942 762 Q

270 790 490 850 Ex-or·oi-no
510 795 549 862 te,
569 797 795 857 orara-tura
815 795 928 866 sa-lis,
963 815 1017 872 per
1040 796 1140 855 Deum
1157 796 1199 879 ᾧ
1222 799 1336 874 vivum,
1368 820 1423 878 per

217 870 483 953 Deumfflverum,
497 891 550 949 per
568 870 868 966 Deumfflsanotum,
891 895 942 951 per
964 876 1063 934 Deum
1083 880 1136 955 qui
1156 885 1187 937 te
1210 898 1263 957 per
1284 880 1422 941 Elissum

216 953 390 1031 prophetam
416 953 449 1010 in
475 971 583 1029 aquam
612 953 696 1011 mitti
721 955 821 1030 jussit,
850 962 886 1012 ut
912 966 1068 1016 sanaretur
1093 961 1234 1018 sterilitas
1260 981 1356 1039 aquoe,
1385 970 1422 1021 ut

187 1055 190 1062 ·
215 1034 349 1093 efficiaris
361 1032 405 1091 sal
418 1034 600 1092 exorcizatus
613 1035 646 1091 in
659 1035 786 1092 salutem
799 1037 989 1110 credentium,
1005 1045 1036 1096 et
1049 1041 1089 1097 sis
1108 1042 1245 1101 omnibus
1258 1048 1290 1101 ts
1303 1063 1421 1103 sumeu-

214 1116 297 1174 tibus
316 1115 428 1173 sanitas
447 1114 553 1172 anima
574 1122 606 1173 et
624 1117 761 1192 corporis,
777 1123 807 1174 et
827 1118 950 1194 effugiat
969 1127 1060 1195 atque
1079 1121 1210 1180 dnoedru
1228 1123 1267 1181 ab
1287 1143 1323 1182 oo
1343 1124 1418 1198 looo,

215 1216 274 1274 quo
291 1215 425 1273 aspersus
444 1195 544 1265 fueris,
559 1195 655 1253 omnis
674 1196 830 1272 phantasia
849 1207 880 1255 et
900 1201 1034 1276 nequitia
1054 1202 1102 1259 vol
1122 1204 1253 1262 versutia
1265 1204 1420 1264 diabolioae

213 1277 333 1346 fraudis,
348 1276 501 1353 omnisque
520 1276 642 1352 spiritus
662 1276 842 1350 immundus,
859 1280 1012 1355 adjuratus
1033 1302 1086 1359 per
1105 1303 1184 1342 eum*
1197 1285 1250 1362 qui
1270 1292 1420 1344 venturus

215 1364 261 1417 ost
269 1357 405 1434 judicare
417 1357 501 1415 vivos
514 1362 546 1414 et
559 1363 691 1415 mortuos

279 1669 309 1724 et
329 1661 508 1722 sae-ou-lum
525 1682 579 1740 per
604 1663 730 1742 ig-nem.
776 1664 808 1721 Α
821 1684 919 1725 -meu

275 1794 353 1878 [MS.
381 1795 504 1856 D.—Itt
529 1795 571 1854 sio
597 1815 693 1854 omens
725 1797 875 1854 ancone·
901 1798 1057 1872 ,finiantur
1085 1819 1139 1876 per
1158 1807 1266 1862 ‘ntum
1290 1822 1414 1862 unitura.

211 1877 360 1955 §tonatur
372 1877 466 1936 oratio
478 1876 542 1936 sino
555 1877 703 1935 Dominus
716 1878 876 1949 vobiscum,
891 1881 940 1936 sed
950 1877 1028 1960 oum]

260 1995 1083 2109 Q

327 2157 510 2214 O-re-mus.
560 2153 777 2212 Im·men·sam
789 2155 974 2212 cle-menti
987 2191 997 2200 -
1010 2177 1058 2214 am
1097 2161 1191 2229 tuam,
1226 2160 1415 2238 omnipotens

211 2245 323 2297 aeterne
344 2237 435 2308 Deus,
448 2235 603 2293 humiliter
622 2235 823 2311 imploramus,
837 2244 874 2292 ut
892 2235 968 2294 hano
990 2243 1156 2296 creaturam
1177 2239 1256 2312 salis,
1271 2261 1362 2318 quam
1384 2244 1416 2300 in

213 2339 300 2377 usum
312 2318 443 2376 humano
456 2316 557 2394 generi
570 2315 712 2388 tribuisti,
727 2314 938 2396 beneffidicere
952 2324 982 2375 et
1002 2317 1224 2398 sanotblafioare
1237 2328 1292 2380 tua
1304 2324 1416 2401 pietate

211 2399 352 2478 digneris,
365 2404 402 2456 ut
410 2397 450 2455 sit
463 2396 599 2456 omnibus
613 2397 798 2454 sumentibus
812 2397 890 2454 salus
904 2399 1012 2456 mentis
1033 2406 1063 2457 et
1077 2401 1214 2477 corporis,
1230 2407 1261 2460 et
1274 2404 1416 2481 quioquid

211 2502 252 2539 ex
265 2501 299 2540 eo
318 2485 434 2538 tantum
453 2479 501 2538 rel
523 2497 687 2555 respersum
714 2478 813 2551 fiterit,
837 2478 934 2536 careat
957 2480 1039 2536 omni
1060 2480 1252 2541 immunditia
1275 2486 1414 2563 omnique

213 2561 437 2640 impugnatione
450 2559 613 2638 spiritualis

265 2873 496 2950 ne-qui·ti·oe.
549 2871 609 2930 Por
628 2869 797 2929 Chris-tum
822 2871 1019 2930 Domi-num
1039 2881 1200 2936 nos-trum.
1235 2878 1382 2940 A-men

275 3000 351 3084 [MS
376 3000 518 3062 D.—Sob
544 3001 640 3060 eodem
664 3009 731 3059 tono
750 3000 905 3076 finiuntur
925 3023 1023 3062 omnes
1042 3015 1186 3082 sequentes
1208 3007 1369 3084 Oratiom
1390 3020 1415 3070 et

208 3085 300 3145 etiam
310 3092 378 3163 post
388 3083 579 3160 merneram
592 3079 699 3163 aqum]
1328 3144 1330 3149 .

274 3180 440 3241 Benedictio
453 3200 538 3256 oqnoe
550 3179 614 3238 snae
627 3178 761 3238 Oramus.
805 3179 915 3238 Oratio.

275 3262 417 3323 Exoroino
430 3267 470 3335 te,
486 3266 620 3320 creatura
633 3280 726 3337 aquae,
741 3261 773 3318 in
791 3262 911 3320 nomine
926 3261 1134 3344 DeifflPatn's
1147 3267 1369 3345 omnipotentis,
1384 3279 1414 3329 et

211 3347 247 3404 in
273 3343 393 3403 nomino
419 3339 675 3422 Jesufflohristi,
701 3341 773 3400 Filii
799 3343 870 3418 ejus,
901 3344 1024 3402 Domini
1050 3347 1155 3421 nostri,
1183 3354 1215 3407 et
1240 3348 1274 3408 in
1301 3351 1413 3411 virtute

216 3421 504 3504 Spiritusfflsancti
518 3428 554 3481 ut
566 3423 619 3482 fias
632 3443 710 3500 aqua
727 3425 892 3483 exorcizata
912 3425 950 3482 ad
973 3426 1159 3504 effugandum
1180 3449 1299 3490 omnem
1320 3439 1414 3510 potes·

212 3514 308 3566 tatem
327 3504 450 3577 inimici,
466 3509 497 3562 et
518 3503 616 3580 ipsum
638 3505 794 3562 inimicum
818 3507 965 3563 eradioare
987 3514 1017 3564 et
1039 3509 1212 3586 explantare
1224 3511 1324 3571 valeas
1346 3534 1413 3572 oum

212 3587 327 3665 angelis
341 3585 402 3643 suis
414 3584 595 3662 apostaticis,
607 3604 661 3663 per
670 3585 814 3643 virtutem
825 3587 956 3662 ejusdem
967 3588 1091 3647 Domini
1101 3592 1198 3649 nostri
1203 3592 1227 3651 J
1227 3610 1280 3652 ssu
1289 3593 1411 3667 Christi,

211 3671 268 3748 qui
290 3671 436 3727 venturus
461 3671 508 3725 est
529 3664 665 3743 judicare
686 3665 770 3725 vivos
797 3673 828 3725 et
854 3673 987 3727 mortuos
1010 3676 1041 3729 et
1064 3671 1205 3731 saeculum
1227 3692 1282 3753 per
1303 3674 1409 3754 ignom.

214 3755 323 3810 Amen.
1090 3764 1093 3769 ’

275 3831 410 3891 Oramus.
453 3824 564 3888 Oratio.

275 3912 366 3983 Deus,
381 3908 434 3987 qui
452 3909 491 3968 ad
509 3908 637 3967 salutem
653 3907 778 3967 humani
797 3909 912 3986 generis
933 3911 1064 3971 maxima
1085 3934 1209 3992 qunque
1229 3927 1413 3978 samamsnta

214 3995 248 4054 in
260 4011 405 4071 aquarum
418 3989 585 4050 substantia
598 3989 764 4064 condidisti,
776 3991 876 4049 adesto
887 3995 1032 4070 propitius
1045 3995 1284 4058 invocationibus
1293 4001 1412 4074 nostris,

211 4082 246 4135 et
258 4075 404 4134 elemento
424 4071 496 4130 huio
516 4070 701 4130 multimodis
724 4073 980 4148 purificationibus
1000 4082 1173 4152 praeparato,
1187 4077 1333 4140 dunum
1352 4089 1412 4143 tua·

212 4152 467 4235 beneffldictionis
479 4151 603 4210 inundo
611 4170 621 4226 3
642 4157 677 4210 ut
691 4158 825 4211 creatura
837 4158 891 4211 tua
903 4156 1052 4231 mysteriis
1065 4159 1126 4216 tuis
1146 4159 1204 4218 tibi
1223 4162 1356 4222 serviens
1375 4164 1412 4223 ad

212 4236 392 4315 abjiciendos
405 4233 551 4292 daemones
563 4233 738 4310 morbosque
751 4234 901 4310 pellendos
914 4235 1023 4294 divinae
1036 4239 1139 4314 gnatius
1153 4246 1252 4301 sumat
1264 4242 1412 4317 effectum,

214 4326 251 4379 ut
263 4315 404 4396 quioquid
416 4314 450 4372 in
462 4313 599 4373 domibus
611 4314 660 4374 rol
672 4315 706 4373 in
718 4314 790 4374 loeis
802 4315 933 4374 fidelium
949 4318 1010 4375 boeo
1023 4318 1103 4377 unda
1118 4322 1299 4399 insperserit,
1314 4334 1413 4386 areat

213 4400 297 4459 omni
309 4395 508 4467 immunditia,
522 4394 698 4454 liberatura
710 4415 806 4470 noxa3
827 4416 888 4455 non
900 4397 962 4455 illic
980 4399 1106 4458 resideat
1119 4403 1242 4479 spiritus
1260 4407 1412 4484 pestilens,

214 4500 275 4541 non
288 4498 361 4541 sura
373 4494 571 4555 corrumpens.
611 4476 775 4538 Discedunt
787 4497 888 4537 omnes
901 4477 1015 4538 insidia
1028 4478 1150 4543 latentis
1162 4483 1296 4564 inimici3
1315 4495 1349 4551 et
1363 4488 1412 4571 (si)
