2946 5002
137 370 200 432 214
230 328 233 333 ’
418 366 464 431 rc
487 365 781 432 stomacatione
803 366 901 432 beata
922 364 1054 432 Meua.

136 541 247 592 mutua
274 530 481 591 consolationis
506 533 603 610 gratia
619 534 738 590 beatam
758 532 911 591 Elisabeth
927 534 1048 592 visitare
1068 532 1187 607 fecisti3
1213 534 1333 592 concede

136 614 281 691 propitius
291 614 375 671 uobis
384 613 503 672 famulis
513 616 582 684 tuis,
593 620 629 671 ut
639 633 677 672 ex
687 616 751 690 ejus
761 615 1007 672 consolationibus
1017 614 1133 672 assidue
1142 613 1332 687 consolemur,

135 702 165 753 et
179 715 197 752 a
209 695 324 752 cunctis
336 695 564 753 adversitatibus
576 701 630 752 tuo
643 695 807 752 munimine
820 701 1015 771 protegamur.
1058 694 1117 753 Per
1129 696 1265 754 eundem.

195 776 290 834 Lectio
304 775 373 833 libri
386 774 544 851 Sapientia
559 775 731 854 (Canticum
745 775 934 834 Ounticmum
947 777 978 835 ti.
997 777 1054 850 1-4,
1072 776 1182 856 10-14).

195 857 259 932 Ego
272 857 326 913 flos
339 858 435 932 campi
445 862 536 933 usquc
549 858 590 915 od
602 857 691 915 facies
704 862 758 914 tua
771 857 883 916 decora.

197 936 332 996 Grudale.
1294 986 1296 990 ,

193 1017 354 1075 Benedicta
378 1022 409 1074 et
428 1018 604 1076 venerabilis
628 1037 667 1091 es,
688 1017 773 1095 virgo
797 1017 905 1091 Maria,
926 1038 992 1096 quae
1015 1019 1079 1078 sine
1102 1024 1187 1078 tactu
1211 1020 1332 1096 pudoris

132 1099 256 1157 inventa
270 1117 301 1156 es
314 1104 410 1155 mater
423 1098 586 1157 salvatoris

139 1179 168 1238 V.
192 1179 287 1256 Virgo
300 1178 360 1236 Dei
372 1179 517 1254 genetrix,
527 1199 616 1256 quem
625 1184 707 1237 totus
720 1198 781 1236 non
795 1178 874 1256 capit
887 1181 974 1252 orbis,

293 1259 332 1317 In
346 1265 400 1316 tua
412 1279 443 1318 se
456 1260 563 1318 clausit
576 1261 688 1318 viscera
700 1261 795 1318 factus
808 1260 903 1319 homo.

192 1340 341 1416 Alleluya.
380 1339 409 1400 V.
432 1339 532 1398 Mater
545 1341 678 1412 mirifica,

475 1421 597 1479 Summa
609 1441 663 1499 per
675 1421 801 1496 gratiam

433 1500 522 1560 Dona
535 1502 700 1578 multiplica

474 1581 584 1640 Ditans
597 1583 747 1640 ecclesiam
760 1602 767 1641 :

433 1661 530 1721 Sacris
543 1663 705 1721 virtutibus

473 1742 591 1802 Tollens
605 1744 768 1816 dissidium,

432 1823 541 1883 Confer
552 1824 721 1900 petentibus

471 1905 570 1963 Tuum
581 1905 758 1982 praesidium.

189 1985 354 2060 Sequentia.

480 2065 668 2124 Celebremus
681 2066 714 2123 in
727 2064 782 2124 hac
795 2066 845 2124 die

520 2146 642 2205 Festum
656 2147 760 2204 domus
773 2147 921 2205 Zacharia

519 2227 671 2285 Laudibus
684 2227 797 2286 laetitiae
810 2249 816 2285 :

479 2306 720 2384 Contemplemur
733 2308 776 2365 ibi
789 2315 914 2385 gestum,
985 2359 989 2373 ‚

518 2389 560 2446 Et
573 2389 610 2446 de
622 2394 704 2464 gesto
717 2389 771 2446 fiat
785 2390 894 2447 festum

517 2468 540 2527 J
541 2490 589 2527 am
603 2469 708 2527 domus
722 2469 867 2527 Ecclesia.

477 2549 590 2608 Thema
598 2551 663 2626 jam
676 2549 890 2621 sollemnitatis,

518 2630 649 2709 Copiosae
663 2631 795 2688 caritaffls

517 2711 623 2769 Gratia
636 2711 776 2768 recolitur
786 2732 795 2783 3

477 2792 573 2861 Quam
588 2791 743 2848 Elisabeth
756 2792 843 2848 beata

517 2870 675 2929 Senectute
688 2871 845 2928 fecundata

516 2951 682 3029 Suscepisse
696 2952 842 3009 scribitur.

475 3031 564 3091 Orbis
577 3037 659 3090 totus
672 3031 856 3109 gratuletur;

514 3113 588 3171 Toto
606 3113 692 3171 corde
706 3119 864 3171 veneretur

515 3193 620 3252 Dulcis
634 3194 774 3252 visitatio.

477 3273 678 3353 Compassivi*
691 3275 787 3334 cordis
800 3273 977 3352 benignitas,

514 3355 668 3414 Excessivi
681 3363 778 3414 matris
790 3356 953 3428 humilitas,

514 3436 603 3494 Sacra
616 3437 784 3496 consolatio.

473 3515 513 3574 In
529 3517 656 3575 introitu
671 3517 775 3576 Mariae

514 3596 632 3655 Prolem
645 3597 808 3675 prophetia

513 3677 642 3753 Spiritus
656 3678 827 3754 illuminat:

474 3757 647 3816 confortata
659 3759 812 3834 gemitum,

513 3837 666 3896 Roborata
678 3839 813 3897 debitum

512 3918 599 3977 Felix
613 3938 719 3996 parens
731 3919 881 3978 terminat.

472 3998 551 4076 Ergo
565 3998 634 4057 festi
646 3999 722 4058 hanc
736 4001 895 4058 auctricem

512 4080 616 4138 Lauda
629 4080 687 4138 Dei
700 4081 887 4157 genetricem,

512 4161 592 4232 Sion,
608 4181 646 4219 ex
660 4161 835 4238 praecordiis.

472 4241 620 4318 Quicquid
633 4241 712 4300 dieas
726 4243 763 4300 de
776 4242 903 4320 benigna

512 4322 616 4380 Minus
629 4328 674 4380 est
687 4343 705 4380 a
717 4323 805 4382 laude
819 4323 910 4400 digna

512 4402 630 4462 Dabitis
642 4403 802 4479 praeconiis.

560 4505 574 4532 “
589 4504 880 4554 Sarum-“Excessiva‘
