2946 5002
378 326 491 393 Missos
505 327 545 393 de
561 327 879 394 Commemoratione
895 327 994 393 beotae
1008 325 1143 391 Murice.
1299 327 1359 391 161

220 488 423 566 mapalium.
467 495 579 554 Missus
592 496 738 574 Angelus,
748 495 863 572 require
876 495 967 554 Ferit
980 502 1163 570 qamrtopost
1173 493 1363 552 Domiaicum

166 569 279 629 tertiam
288 572 440 633 Adventus
454 576 585 637 Domini.

219 650 415 790 gffcrtortum.
458 659 535 730 Ave,
550 657 649 715 Maria
662 660 758 735 gratia
772 657 867 735 plena.

218 812 258 870 In
271 817 422 875 mentibus
435 819 553 892 nostrie,
568 839 744 897 quesumus
760 819 898 892 Domine,
913 838 991 876 verae
1004 817 1075 877 fidei
1089 823 1272 877 sacramenta
1286 837 1354 876 con-

160 892 266 968 firma5
288 899 390 973 utqui
403 906 574 976 conceptum
589 900 626 958 de
646 901 763 978 virgine
778 901 877 958 Deum
890 919 996 958 verum
1017 907 1048 958 et
1067 899 1220 958 homiuem
1233 899 1353 957 confite

159 992 232 1047 mur,
260 995 315 1052 per
348 979 479 1054 ejusdem
511 981 672 1039 salutiferae
698 981 923 1040 resurrectionis
950 980 1116 1058 potentiam
1148 981 1185 1038 ad
1214 986 1360 1055 aeternam

160 1072 326 1115 mereamur
344 1061 499 1135 pervenire
512 1061 656 1120 laetitiam.
701 1062 768 1132 Qui.

218 1136 372 1212 Praefario.
414 1142 456 1198 Et
469 1147 499 1200 te
512 1142 546 1200 in
559 1143 757 1202 veneratione.

218 1217 401 1279 emunctio.
444 1222 519 1280 Ecce
532 1223 625 1300 virgo.

216 1297 462 1360 Poatoommaaio.

216 1377 354 1438 Gratiam
375 1389 466 1454 tuam,
489 1403 666 1460 quaesumus,
690 1385 828 1454 Domine,
853 1384 1004 1442 mentibus
1026 1385 1136 1442 nostris
1160 1383 1303 1456 infrmde3
1318 1391 1352 1440 ut

156 1457 216 1533 qui,
231 1462 337 1538 angelo
350 1465 518 1535 nuntiante,
531 1465 644 1523 Christi
668 1466 739 1522 Filii
760 1466 808 1522 tui
830 1465 1066 1524 incarnationem
1086 1465 1286 1540 cognovimus,
1301 1484 1355 1541 per

155 1540 321 1678 magonem
335 1544 399 1619 ejus
413 1551 443 1602 et
467 1565 583 1602 crucem
604 1546 642 1603 ad
663 1546 886 1603 resurrectionis
907 1545 1031 1622 gloriam
1046 1547 1250 1622 perducamur.
1294 1546 1354 1603 Per

154 1638 212 1678 eun
232 1640 289 1680 em.

402 1847 404 1852 .
457 1804 507 1861 Da
527 1821 663 1863 onrrnus
685 1805 813 1862 Sluoms
835 1821 867 1860 m
888 1805 1051 1862 Anvnrru

213 1879 326 1940 oraim

212 1960 416 2022 Conscientiae
443 1972 567 2037 nostras,
595 1985 773 2043 quaesumus,
802 1965 939 2035 Domine,
964 1964 1114 2022 visitando
1142 1964 1282 2041 purifica:
1314 1973 1349 2022 ut

151 2042 273 2100 veniens
286 2043 308 2101 J
310 2063 376 2102 esus
390 2044 526 2103 Christus
540 2046 634 2104 Filius
648 2053 718 2103 tuus
732 2046 880 2103 Dominus
893 2051 994 2103 noster
1007 2065 1075 2102 cum
1089 2045 1226 2102 omnibus
1240 2047 1349 2103 sanctis

150 2129 286 2260 peragam
300 2124 359 2182 sihi
371 2126 405 2182 in
418 2127 503 2183 nobis
516 2126 651 2184 inveniat
661 2127 850 2185 mansionem.
895 2126 954 2196 Qui
963 2132 1069 2183 tecum.

233 2214 335 2263 ecreto.

209 2283 347 2357 Hostias,
368 2286 434 2356 tibi,
450 2288 588 2360 Domine,
602 2289 635 2345 in
655 2287 801 2344 Adventu
822 2286 945 2343 Domini
968 2287 1064 2344 nostri
1076 2287 1098 2344 J
1100 2306 1151 2344 esu
1166 2285 1280 2344 Christi
1293 2307 1346 2363 pro

149 2363 285 2422 omnium
319 2373 489 2424 sanctorum
523 2376 643 2427 tuorum
677 2368 953 2425 commemoratione
984 2367 1141 2438 offerimus,
1174 2368 1347 2443 suppliciter

148 2442 348 2520 deprecantes,
362 2454 399 2505 ut
412 2449 628 2526 indulgentiam
641 2449 726 2507 nobis
739 2448 851 2524 pariter
861 2448 1013 2505 conferant
1027 2454 1057 2505 et
1070 2448 1202 2504 salutem.
1247 2447 1312 2504 Per.

206 2524 454 2587 Postcommuaio.

205 2605 430 2666 Benedictionis
453 2616 522 2680 tuse,
537 2608 673 2679 Domine,
688 2607 771 2684 plebs
783 2607 841 2665 tibi
861 2608 968 2664 devota
989 2612 1121 2683 reportet
1140 2607 1289 2682 gaudium,
1309 2617 1343 2666 ut

147 2686 226 2758 quod
239 2688 272 2744 in
287 2688 434 2746 Adventu
448 2690 572 2747 Domini
581 2689 677 2745 nostri
689 2687 711 2745 J
713 2708 764 2745 esu
779 2687 892 2744 Christi
913 2687 1021 2744 sanctis
1039 2688 1100 2746 tuis
1114 2689 1250 2745 omuibus
1263 2688 1344 2747 exhi-

84 2844 86 2848 7
146 2763 211 2824 buit
224 2770 385 2846 temporali
398 2771 528 2840 servitio,
543 2769 665 2845 perenni
679 2769 815 2844 praesidio
829 2774 1031 2844 consequatur.
1074 2768 1133 2825 Per
1147 2769 1280 2826 eundem.

192 3015 246 3072 Dn
266 3016 401 3073 Douma
420 3032 461 3072 An
482 3015 614 3074 Ocravrs
635 3013 820 3071 Emanium
840 3030 939 3081 usoun
958 3028 1001 3069 an
1022 3012 1297 3072 Pururrcsmousn.

204 3151 352 3226 Officium.
393 3150 489 3221 Salve,
504 3142 728 3224 sauhtaparens.

202 3231 354 3289 Paulinus.
401 3230 474 3300 Quae
487 3230 630 3307 gaudium
643 3229 754 3284 matris.

203 3311 319 3370 Oratio.

201 3393 297 3465 Deus,
313 3393 368 3468 qui
381 3391 484 3448 salutis
505 3395 622 3448 aeternae
641 3387 734 3444 beatae
755 3386 860 3442 Mariae
880 3385 1052 3460 virginitate
1071 3385 1196 3442 fecunda
1209 3384 1340 3441 humano

140 3474 243 3549 generi
256 3473 382 3550 praemia
395 3470 561 3548 praestitisti
574 3488 584 3540 ;
606 3468 713 3537 tribue,
728 3485 904 3540 quaesumus,
919 3471 954 3520 ut
968 3465 1063 3541 ipsam
1082 3484 1135 3540 pro
1149 3464 1234 3520 nobis
1247 3464 1339 3520 inter-

140 3554 243 3612 cedere
256 3554 431 3624 sentiamus,
442 3569 495 3627 per
505 3567 593 3626 quam
603 3547 765 3602 meruimus
775 3550 924 3602 auctorem
932 3545 1002 3601 vitae
1011 3546 1165 3619 suscipere,
1177 3542 1342 3599 Dominum

140 3640 280 3691 nostrum
293 3634 316 3691 J
317 3651 401 3690 esum
416 3631 570 3688 Christum
581 3627 692 3684 Filium
701 3632 795 3682 trurm.
840 3624 899 3693 Qui
909 3630 1014 3681 tecum.

197 3714 485 3862 &nisilinguam
510 3795 642 3862 tempore
666 3786 749 3841 heres
770 3783 911 3859 parvulus
936 3789 992 3855 est,
1014 3802 1108 3858 quaere
1128 3779 1162 3836 ia
1180 3780 1338 3837 Domiaico

137 3874 222 3949 infra
242 3877 368 3934 Oetaeas
382 3869 558 3928 Nativitate's
570 3865 700 3922 Domini.

198 3954 340 4014 Crudele.
384 3950 547 4008 Benedicta
560 3952 591 4002 et
604 3942 780 4000 venerabilis
794 3961 831 3998 es.

142 4036 171 4094 V.
193 4036 305 4112 Virgo,
322 4034 382 4091 Dei
395 4029 535 4107 genitrix.
636 4101 643 4112 0
763 4100 769 4111 Ι
878 4099 884 4110 ⁸
996 4101 1002 4111 Ι
1124 4096 1130 4107 ¹

195 4117 352 4191 Alleluya
403 4111 432 4168 V.
456 4109 515 4166 Per
527 4111 567 4172 te,
587 4102 646 4157 Der
657 4104 801 4173 genetrix,
816 4099 902 4156 nolus
915 4105 960 4156 est
973 4106 1037 4156 rita
1049 4096 1165 4173 perdita
1178 4097 1255 4168 data,
1271 4120 1336 4174 quae

134 4196 170 4255 de
183 4198 257 4256 caelo
272 4192 433 4271 suscepisti
445 4187 557 4265 prolem
571 4187 602 4238 et
614 4178 725 4268 mundo
737 4179 867 4270 genuisti
878 4177 1063 4269 salvatorem.

192 4276 366 4354 Sequentia.
410 4262 621 4328 LaetabunduS,
634 4265 669 4312 ut
681 4255 765 4327 safra
778 4257 980 4314 Natcmtutcm.

191 4361 269 4416 Alia
282 4351 453 4431 Sequentia.
497 4345 570 4417 Post
584 4340 712 4424 partum.
736 4413 742 4425 ⁸
929 4414 936 4426 Ι

191 4441 268 4499 Alta
282 4431 453 4512 Sequentia.
496 4422 588 4480 Alma
601 4415 668 4482 Der,
682 4421 717 4467 ut
729 4432 764 4470 aa
777 4412 942 4483 Corumuaa.

169 4537 242 4580 von
257 4536 296 4578 11.
694 4504 720 4544 ¹
