2946 5002
193 319 234 382 68
675 317 772 384 Festa
792 318 895 386 Jottt.

252 480 433 542 Commutato.
476 483 587 561 Magna
601 487 653 542 est.
1186 502 1188 506 ⁴

252 560 299 642 [St
311 563 370 623 ltaee
389 562 495 639 Viqtio
508 564 542 622 io
555 564 712 623 Domiaico
725 565 973 624 coowritolicotm·
980 566 1075 626 Misso
1089 567 1123 625 io
1137 566 1274 644 capitolo
1288 569 1382 628 eodem

191 643 275 703 modo
301 653 328 703 et
353 645 462 715 ordino,
488 653 522 702 ot
548 645 582 702 ia
615 645 722 720 Vipilio
748 645 924 705 Notioitotis
949 648 1043 707 eoacti
1069 647 1216 707 Jotooots
1243 650 1382 727 Baptista

192 733 320 798 notator,
336 745 401 784 oum
414 724 509 784 Misso
522 726 839 802 svprascripta—MS.
855 724 909 808 D]

570 886 610 945 In
629 904 692 946 orn.
735 887 809 968 (viii.
824 886 894 945 Kal.
910 885 1003 964 Aug.)

253 984 392 1060 Officium.
435 984 515 1042 Mihi
528 991 636 1045 autern

253 1065 362 1126 Oratio.

250 1145 333 1220 Esto,
358 1145 494 1219 Domine,
519 1145 599 1223 plebi
621 1151 681 1205 tuae
705 1146 902 1204 sanctificator
928 1151 959 1203 et
981 1151 1097 1218 custos3
1127 1152 1163 1203 ut
1189 1147 1313 1223 apostoli
1334 1147 1381 1205 tui

188 1226 295 1286 Jacobi
314 1226 430 1285 munita
449 1227 602 1303 praesidiis,
617 1234 648 1285 et
661 1228 880 1287 conversatione
901 1225 958 1284 tibi
971 1227 1092 1304 placeat,
1108 1233 1137 1285 et
1152 1246 1252 1285 secura
1268 1227 1380 1287 deserv-

189 1307 240 1366 iat.
282 1307 343 1365 Per
356 1307 527 1365 Dominum.

249 1387 394 1447 Memoria
407 1390 441 1446 dc
455 1388 595 1464 Mootyre.

249 1469 389 1545 Epistola.
431 1469 503 1528 Jarn
516 1470 668 1530 nonestis.

251 1548 384 1608 Gradale.
427 1549 526 1606 Nimis
539 1548 684 1608 honorati.

249 1629 398 1707 Alleluya.
446 1629 475 1688 V.
497 1630 537 1687 In
551 1649 668 1689 omnem
680 1636 799 1688 terram.

249 1710 412 1786 Sequentia.
455 1709 541 1768 Clare
554 1717 731 1783 sanctorum,
746 1719 780 1768 at
793 1709 827 1766 iot
842 1707 1006 1769 Communi.

249 1791 414 1850 Secundam
427 1789 603 1849 Mattiacas
615 1792 677 1868 (oso.
691 1791 806 1868 20-23).

248 1871 288 1929 In
301 1872 353 1929 illo
367 1878 507 1947 tempore,
521 1872 656 1931 Accessit
669 1874 707 1930 ad
719 1872 742 1931 J
744 1892 825 1930 esum
838 1876 933 1928 mater
946 1869 1075 1928 filiorum
1089 1871 1224 1930 Zebedaei
1237 1890 1327 1946 usque
1341 1873 1381 1930 od

188 1951 296 2028 quibus
308 1958 446 2028 paratum
459 1957 505 2010 est
517 1972 536 2010 a
550 1953 639 2012 Patre
652 1973 726 2013 mec.

249 2033 350 2091 Credo.

249 2113 441 2188 Offirtortam.
486 2114 526 2172 In
539 2134 656 2173 omnem
670 2121 786 2173 terram.

248 2193 368 2253 Secreto.

248 2274 418 2334 Oblationes
436 2276 538 2353 populi
553 2276 608 2347 tui,
623 2295 797 2351 quaesumus,
814 2275 951 2350 Domine,
965 2275 1045 2333 beati
1064 2273 1189 2351 apostoli
1208 2273 1256 2332 tui
1274 2274 1297 2333 J
1297 2276 1380 2332 scobi

186 2355 282 2431 passio
295 2357 381 2414 beata
399 2357 553 2428 conciliet,
573 2361 604 2413 et
620 2375 685 2431 quoe
704 2355 814 2413 nostris
832 2377 893 2415 non
913 2361 983 2434 apta
1003 2361 1074 2414 sunt
1093 2355 1215 2426 meritis,
1229 2355 1304 2413 fiant
1323 2356 1381 2414 tibi

186 2436 297 2512 placita
310 2437 372 2512 ejus
385 2436 596 2513 deprecatione.
640 2436 705 2494 Per.

249 2515 427 2577 Communia
470 2517 534 2575 Vos
547 2517 599 2593 qui
612 2517 706 2574 secuti
719 2517 797 2574 estis.

248 2597 489 2656 Postcommaaio.

248 2676 335 2736 Beati
348 2677 473 2754 apostoli
485 2677 532 2734 tui
544 2677 567 2736 J
568 2677 660 2750 acobi,
674 2679 759 2756 cujus
771 2677 859 2736 hodie
878 2677 1041 2735 festivitate
1061 2696 1180 2754 corpore
1193 2683 1224 2735 et
1237 2678 1379 2755 sanguine

186 2763 239 2815 tuo
253 2776 307 2815 nos
319 2757 455 2831 refecisti,
470 2778 643 2835 quaesumus,
660 2759 797 2831 Domine,
811 2758 1018 2816 intercessione
1031 2778 1085 2816 nos
1098 2758 1214 2836 adjuva,
1228 2778 1282 2835 pro
1296 2760 1379 2837 eujus

187 2837 383 2896 sollemnitate
397 2839 576 2915 suscepimus
589 2844 642 2896 tua
656 2845 758 2897 sancta
770 2840 913 2898 laetantes.
956 2839 1021 2897 Per.

154 3028 157 3033 ·
220 3012 347 3071 Sanora
365 3012 475 3086 Anum,
496 3029 608 3071 usrms
629 3028 735 3071 numm
755 3013 873 3072 Mamm
892 3013 1046 3072 Vmcuus.
1091 3011 1152 3090 (vii
1169 3012 1238 3072 Kal.
1254 3012 1347 3091 Aug.)

247 3126 388 3203 Officium.
430 3127 574 3187 Dilexisti
582 3129 741 3208 justitiam.

250 3207 357 3269 Oratio.

246 3289 336 3362 Deus,
359 3289 412 3366 qui
430 3290 547 3348 beatam
566 3291 697 3364 Annam,
719 3291 771 3349 diu
792 3290 930 3363 sterilem,
951 3289 1032 3368 prole
1056 3289 1178 3348 voluisti
1201 3290 1327 3367 gloriosa
1347 3297 1377 3348 et

186 3370 314 3428 humano
327 3370 428 3447 generi
440 3371 591 3429 salutifera
603 3371 779 3445 foecundari3
800 3373 846 3444 da,
857 3389 1031 3449 quaesumus,
1042 3375 1078 3427 ut
1087 3391 1188 3429 omnes
1198 3391 1296 3430 amore
1308 3371 1377 3428 filiae

185 3457 309 3508 matrem
326 3459 500 3509 venerantes
511 3451 545 3509 in
558 3452 631 3520 hora
651 3453 755 3511 mortis
775 3452 929 3530 utriusque
940 3452 1105 3530 praesentia
1125 3452 1251 3530 gaudere
1271 3471 1377 3510 merea-

186 3551 260 3589 mur.
304 3531 362 3589 Per
375 3532 545 3590 Dominum.

246 3611 386 3688 Epistola.
429 3612 596 3671 Mulierem.

249 3691 382 3752 Grodolc.
426 3692 575 3753 Dilexisti

246 3773 394 3850 Alleluya.
442 3773 471 3832 V.
494 3774 597 3850 Specie
610 3780 669 3832 tua

248 3853 431 3930 &queml
586 3904 773 3962 Testamento
787 3904 881 3962 veteri

626 3985 719 4041 Anna
730 3984 789 4042 fuit
802 3985 910 4062 genite,

627 4065 668 4122 Et
682 4065 718 4122 de
730 4064 821 4142 stirpe
834 4067 922 4143 regia.

586 4145 662 4204 Haec
675 4151 810 4204 matrona
822 4147 930 4205 nobilis

626 4226 689 4284 Diu
702 4225 760 4282 fuit
773 4227 881 4286 sterilis

626 4308 666 4365 In
679 4326 785 4384 magna
797 4308 928 4368 tristitia

246 4413 260 4438 ⁸
275 4411 328 4462 ΜΒ.
341 4411 485 4463 G.-Mundi
503 4413 581 4466 aetate,
595 4411 621 4457 ia
643 4410 757 4458 Communi
774 4409 925 4470 plurimorum
943 4410 1109 4474 consutorum
1127 4414 1163 4462 cel
1178 4414 1296 4463 maedam
1311 4426 1375 4461 nomn

190 4470 259 4520 Glari
267 4469 414 4521 mammos
423 4469 818 4521 diritcrs'stoTestementoreteri.
1066 4496 1069 4501 -
