2946 5002
176 379 239 442 168
535 373 643 439 Missa
661 396 727 460 pro
749 375 1008 442 Fcntiliaribas.

236 553 420 612 Communia.

232 635 342 706 Amen,
356 635 421 692 dico
441 635 545 692 vobis:
565 634 706 713 quicquid
720 642 838 694 orantes
856 636 967 712 petitis,
983 635 1094 694 credite
1116 636 1189 713 quia
1209 638 1375 717 accipietis:

172 720 204 773 et
216 715 269 773 fiet
283 715 374 773 vobis.
1215 753 1218 757 ,

232 807 476 869 Postcommunia

232 888 395 960 Sumentes,
412 889 550 960 Domine,
575 897 724 967 perpetua
746 895 928 947 sacramenta
951 889 1064 960 salutis,
1082 895 1164 948 tuam
1185 892 1376 969 deprecamur

168 969 364 1042 clementiam,
379 978 414 1029 ut
428 990 482 1047 per
495 991 530 1029 ea
543 971 689 1029 famulum
702 977 790 1028 tuum
803 969 853 1043 N,
869 971 907 1026 ab
921 970 1002 1026 omni
1022 971 1202 1030 adversitate
1217 975 1372 1033 custodias

171 1047 238 1108 Per.

550 1247 653 1304 Musa
673 1263 732 1304 rao
753 1245 990 1304 anrmsarnus.

228 1327 370 1403 Officium.

224 1408 311 1465 Salus
338 1407 441 1484 populi
468 1427 521 1485 ego
545 1427 619 1480 sum,
640 1407 713 1464 dicit
731 1407 897 1480 Dominus,
926 1408 962 1465 de
984 1427 1159 1485 quacunque
1179 1410 1373 1470 tribulatione

162 1488 356 1547 clamaverint
369 1489 407 1546 ad
421 1508 476 1559 me,
492 1489 650 1546 exaudiam
664 1507 721 1559 eos,
733 1496 765 1545 et
778 1508 827 1545 ero
840 1488 962 1546 illorum
976 1489 1125 1551 Dominus
1138 1490 1171 1547 in
1185 1498 1369 1570 perpetuum.

222 1580 264 1639 Ia
278 1591 401 1658 tempore
414 1581 561 1652 Paschuli,
577 1580 725 1657 Alleluya,
740 1580 875 1658 alleluya.

223 1674 369 1733 Pramus.

219 1756 380 1814 Attendite
394 1756 502 1833 popule
516 1775 600 1814 meus
613 1757 708 1833 legem
721 1774 817 1813 meam
831 1775 838 1812 ι
859 1754 971 1812 inclina
981 1775 1079 1813 aurem
1094 1762 1226 1816 vestram
1240 1758 1273 1816 iu
1282 1760 1372 1818 verba

164 1855 223 1894 orrs
237 1856 304 1897 mei

225 1928 336 1988 Oratio.

217 2010 309 2077 Deus,
332 2010 385 2087 qui
399 2011 531 2068 caritatis
545 2011 624 2067 done
647 2028 700 2086 per
724 2010 852 2087 gratiam
867 2009 970 2067 Sancti
992 2010 1123 2086 Spiritus
1143 2017 1266 2070 tuorum
1281 2015 1370 2072 corda

71 2156 74 2161 ⁴
157 2090 289 2149 fidelium
310 2091 457 2160 infudisti,
480 2092 518 2149 da
541 2090 662 2148 famulis
683 2092 744 2147 tuis
766 2097 796 2148 et
819 2090 988 2148 famulabus
1009 2092 1071 2147 tuis
1092 2110 1146 2168 pro
1161 2093 1270 2169 quibus
1284 2101 1367 2153 tuam
1396 2158 1401 2167 ,

156 2171 348 2247 deprecamur
361 2171 557 2243 clementiam,
572 2171 698 2229 salutem
721 2172 830 2229 mentis
851 2178 881 2229 et
903 2172 1041 2248 corporis,
1057 2179 1093 2229 ut
1115 2180 1146 2231 te
1169 2179 1232 2232 tota
1252 2175 1366 2236 virtute

155 2252 289 2328 diligant,
302 2259 333 2310 et
343 2272 408 2328 quae
417 2253 474 2308 tibi
484 2252 592 2328 placita
603 2258 675 2309 sunt
685 2258 749 2309 tota
759 2253 917 2310 dilectione
925 2253 1087 2329 perficiant.
1122 2254 1182 2312 Per
1190 2255 1363 2316 Dominum.

158 2331 196 2391 In
211 2333 327 2396 unitate
341 2333 481 2408 ejusdcm.

214 2433 311 2492 Lectio
325 2431 393 2489 titre·
406 2430 560 2506 Sapientia
569 2430 700 2508 (Ecclus.
716 2433 811 2489 aravi.
831 2431 925 2507 1-10).

214 2513 358 2571 Miserere
371 2513 467 2570 nostri
480 2533 571 2587 usqae
585 2514 626 2570 act
639 2512 789 2571 mirabilia
802 2519 864 2584 tua,
881 2513 1010 2571 Domine
1025 2514 1108 2572 Deus
1121 2521 1230 2575 noster.

218 2605 353 2664 Gradale.

214 2686 367 2763 Propitius
388 2693 461 2760 esto,
477 2687 616 2759 Domine,
641 2684 919 2764 peccatisnostris:
941 2707 1037 2764 neque
1052 2689 1153 2746 dicant
1175 2696 1289 2767 gentse,
1311 2693 1364 2750 ubi

155 2773 200 2824 est
214 2767 296 2824 Deus
310 2787 419 2825 eorum.

155 2847 183 2906 V.
207 2847 330 2922 Adjuva
343 2867 405 2919 nos,
422 2847 505 2904 Deus
518 2847 657 2905 salutaris
665 2853 783 2905 noster:
805 2854 836 2905 et
856 2855 978 2925 propter
997 2850 1140 2909 honorem
1159 2853 1291 2912 nominis
1304 2855 1359 2928 tui,

155 2928 293 2999 Domine,
309 2928 402 2985 libera
415 2947 476 2985 nos.

210 3008 359 3083 Alleluya.
423 3008 450 3066 V.
489 3008 619 3066 Ostende
645 3007 740 3080 nobis,
769 3009 907 3082 Domine,
936 3009 1167 3070 misericordiam
1194 3020 1297 3075 tuam:
1329 3022 1360 3075 et

153 3089 282 3147 salutare
296 3096 384 3147 tuum
398 3090 436 3146 da
445 3090 538 3152 nobis.

163 3166 184 3185 ’“
209 3170 358 3246 Alleluya
414 3170 443 3228 V.
467 3170 528 3239 Qui
554 3176 640 3227 sanat
667 3170 810 3228 contritos
838 3172 941 3230 corde:
973 3179 1004 3230 et
1030 3173 1134 3250 alligat
1162 3177 1357 3236 contritiones

151 3270 261 3308 eorum.

209 3344 377 3403 Secundum
390 3345 530 3402 Marcam
543 3344 612 3421 (aii.
630 3343 750 3421 41-44)

204 3427 243 3483 In
257 3427 309 3484 illo
322 3433 464 3503 tempore,
477 3425 587 3483 Sedens
600 3426 622 3484 J
624 3445 690 3483 esus
704 3423 1062 3505 contrafgazophylacium
1080 3449 1171 3504 aeque
1185 3431 1227 3488 ad
1241 3431 1355 3490 victum

141 3525 235 3565 suum.

203 3602 399 3678 Offertorium.
444 3603 572 3680 Sperent
584 3603 617 3658 in
630 3610 671 3675 te,
685 3612 719 3659 ut
733 3623 833 3678 supra.

198 3711 351 3864 lqdeicsrdddre,
366 3813 545 3870 quaesumus,
562 3790 700 3864 Domine,
715 3793 836 3850 famulis
850 3800 881 3850 et
901 3795 1068 3854 famulabus
1082 3797 1152 3870 tuis,
1167 3817 1221 3874 pro
1242 3802 1352 3876 quibus

142 3874 197 3931 hoc
224 3874 400 3931 sacrificium
427 3874 523 3932 laudis
551 3878 611 3930 tuae
639 3873 790 3930 offerimus
818 3876 990 3950 majestati:
1017 3884 1052 3934 ut
1079 3898 1132 3954 per
1159 3878 1221 3937 haec
1249 3889 1354 3942 sancta

141 3974 274 4048 supernae
289 3954 504 4092 benpdictionis
517 3953 644 4031 gratiam
658 3953 824 4028 obtineant,
839 3964 870 4013 et
884 3956 1009 4032 gloriam
1025 3964 1143 4017 aeternae
1157 3960 1355 4022 beatitudinis

141 4042 304 4112 acqmrant.
375 4056 415 4096 er.

200 4144 383 4203 Communia.
427 4147 536 4218 Amen,
553 4145 627 4218 dioc,
642 4153 676 4202 ut
690 4164 789 4220 supra.

198 4254 442 4314 Postcommaaio.

193 4335 306 4393 Divina
315 4337 443 4393 libantes
457 4337 606 4411 mysteria,
623 4354 801 4412 quaesumus,
814 4335 952 4406 Domine,
967 4341 1003 4393 ut
1017 4335 1079 4394 haec
1093 4337 1237 4397 salutaria
1250 4360 1345 4400 sacra-

135 4420 235 4472 menta
248 4415 307 4472 illis
319 4416 477 4492 proficiant
490 4417 528 4474 ad
541 4417 768 4494 prosperitatem
782 4423 813 4474 et
822 4436 933 4493 pacem,
948 4436 1002 4494 pro
1015 4436 1144 4493 quorum
1157 4440 1345 4500 quarumque

132 4494 290 4554 dilectione
303 4496 365 4553 haeo
379 4502 439 4553 suae
453 4496 619 4556 obtulimus
632 4497 789 4575 majestati.
833 4497 893 4554 Per
906 4496 1077 4555 Dominum.
