2946 5002
588 344 684 409 Festa
705 331 897 407 Februarii.

543 562 583 620 In
602 578 656 618 nra
678 561 937 619 Pucrrrcarrorrs

204 684 254 742 Aa
266 685 398 743 ⁴lla'eacra.
443 684 582 760 Officium.

205 766 401 842 suscepimus,
414 766 503 837 Deus,
514 765 834 822 miscricordiamtuam
847 764 880 820 in
893 765 989 821 medio
997 763 1101 840 templi
1109 764 1164 836 tui,
1181 764 1339 822 secundum

144 864 251 984 domm
271 853 366 919 tuum,
387 847 477 919 Deus,
497 847 541 903 ita
564 851 595 904 et
613 846 678 903 laus
696 853 750 903 tua
771 846 804 902 in
825 846 898 902 fines
916 852 1019 904 terrae:
1050 846 1169 922 justitia
1188 845 1277 922 plena
1296 852 1341 904 est

164 933 266 984 extera
278 934 339 985 tua.

203 1020 503 1178 {ypgplqabominus
526 1106 557 1158 et
578 1100 733 1158 laudabilis
756 1099 864 1158 nimis:
892 1100 925 1157 in
943 1100 1063 1157 civitate
1092 1099 1150 1157 Dei
1176 1100 1281 1173 nostri,
1307 1101 1340 1156 in

143 1188 243 1240 monte
257 1190 357 1240 sancto
368 1184 439 1259 ejus.

204 1275 313 1333 oratic.

203 1356 398 1430 Omnipotens
412 1355 587 1431 sempiterne
602 1356 692 1426 Deus,
708 1355 892 1430 majestatem
905 1359 989 1411 tuam
1011 1354 1156 1431 supplices
1174 1373 1336 1427 exoramus,

142 1440 177 1491 ut
190 1437 266 1493 sicut
276 1436 459 1512 Unigenitus
473 1436 568 1503 Filius
582 1441 652 1493 tuus
665 1435 807 1492 hodierna
817 1436 864 1492 die
876 1455 943 1492 cum
951 1440 1059 1492 nostrae
1070 1436 1165 1492 carnis
1174 1436 1338 1492 substantia
1369 1496 1370 1500 ,

140 1515 172 1572 in
186 1517 297 1593 templo
311 1523 355 1574 est
369 1523 570 1593 praesentatus,
585 1517 630 1573 ita
650 1536 704 1574 nos
725 1517 815 1573 facias
839 1515 895 1573 tibi
920 1516 1081 1592 purificatis
1100 1516 1250 1573 mentibus
1267 1536 1338 1593 prae·

141 1599 259 1655 sentari.
303 1598 361 1656 Per
376 1598 508 1654 eundem.

199 1690 295 1747 Lectio
309 1690 466 1747 Madrclae'ce
479 1689 630 1765 Prophetae
643 1689 704 1768 (iii.
723 1689 770 1746 1-4
773 1690 796 1766 )

199 1770 275 1828 Haec
288 1770 360 1829 dicit
374 1771 521 1828 Dominus
536 1771 617 1828 Deus
631 1792 637 1828 :
658 1771 732 1828 Ecce
746 1790 799 1846 ego
812 1770 900 1826 mitto
914 1770 1051 1847 angelum
1072 1788 1170 1826 meum
1193 1791 1284 1845 aeque
1298 1771 1337 1828 ed

140 1849 215 1908 sicut
229 1852 300 1908 anni
313 1852 439 1927 antiqui,
454 1852 527 1909 dicit
542 1851 689 1909 Dominus
703 1852 897 1927 omnipotens.

202 1944 336 2002 Gradale.

198 2025 394 2102 Suscepimua,
416 2025 507 2097 Deus,
524 2024 752 2082 misericordiam
772 2031 855 2082 tuam
870 2025 903 2081 in
920 2022 1016 2080 medio
1030 2023 1134 2100 templi
1147 2023 1214 2081 tui:
1238 2043 1336 2082 secun·

138 2107 208 2164 dum
222 2126 329 2163 nomen
342 2112 437 2178 tuum,
453 2106 590 2176 Domine,
604 2106 648 2162 ita
662 2113 692 2163 et
705 2106 770 2162 laus
784 2111 836 2162 tua
849 2106 882 2161 in
896 2105 968 2161 fines
981 2111 1077 2163 terrae.

104 2232 110 2245 .
144 2186 173 2245 V.
197 2186 281 2244 Sicut
294 2187 461 2244 audivimus
475 2209 481 2243 :
502 2187 545 2244 ita
559 2192 589 2242 et
602 2186 731 2242 vidimus
744 2186 777 2242 in
791 2187 913 2242 civitate
927 2185 985 2242 Dei
999 2186 1099 2243 nostri.

197 2267 346 2344 Alleluya.
396 2267 425 2324 V.
447 2267 588 2324 Adorabo
613 2267 650 2323 ad
671 2267 816 2342 templum
839 2273 973 2323 sanctum
997 2273 1092 2338 tuum,
1117 2272 1148 2324 et
1175 2266 1336 2324 confitebor

138 2348 251 2406 nomini
264 2355 326 2404 tuo

197 2438 359 2514 Sequentia.

137 2522 206 2578 Ave
206 2520 368 2596 ,praeclara
381 2519 517 2576 marisst
505 2520 607 2590 te,lla
599 2539 632 2577 111
645 2519 740 2577 lucem
753 2519 888 2596 gentium
905 2518 1004 2577 Maria
1017 2519 1223 2579 divinitust
1176 2509 1223 2579 ort
1224 2542 1250 2593 a,

137 2601 228 2679 Euge,
245 2601 308 2658 caeli
321 2607 415 2677 porta,
431 2620 496 2675 quae
514 2620 574 2656 non
592 2608 703 2676 ape1·,ta
718 2601 853 2668 veritatis
869 2601 1000 2657 lumen'
992 2621 1088 2677 ipsum
1107 2601 1198 2659 solem
1208 2603 1333 2679 justitiae

216 2681 355 2739 indutum
368 2701 455 2738 carne
469 2681 573 2737 ducis
565 2702 597 2737 m
611 2682 719 2753 orbem,

136 2762 241 2838 Virgo,
260 2763 348 2819 decus
369 2761 481 2830 mundi,
501 2762 602 2837 regina
621 2762 692 2833 eaeli,
716 2763 871 2838 praeelecta
893 2769 929 2819 ut
950 2762 1001 2835 sol,
1025 2763 1147 2838 pulchra
1169 2763 1283 2822 lunaris
1300 2771 1335 2822 ut

216 2843 319 2918 fulgor,
336 2862 458 2919 agnosce
479 2862 579 2899 omnes
592 2849 623 2900 te
637 2843 800 2918 diligentes.

137 2923 187 2995 Te,
201 2923 316 3000 lignum
329 2924 408 2996 vitae,
424 2923 538 3000 virgam
551 2923 636 2980 almae
657 2924 758 3000 stirpis
772 2924 793 2981 J
794 2943 855 2981 esse
869 2923 1048 2981 nascituram
1065 2925 1177 3000 priores
1191 2924 1334 2983 desidera·

216 3009 325 3062 verunt
338 3010 437 3079 patres
451 3011 481 3062 et
494 3005 653 3080 prophetae.

137 3085 177 3142 Te
190 3084 308 3161 plenam
320 3085 387 3156 fide,
401 3105 481 3142 sacro
497 3091 615 3142 rorante
630 3086 802 3158 Pneumate,
814 3086 978 3161 parituram
992 3085 1090 3142 divini
1102 3085 1183 3143 floris
1196 3088 1332 3163 amygda-

216 3165 278 3222 lum
293 3164 422 3242 signavit
440 3165 568 3224 Gabriel.

137 3245 183 3303 'Pu
206 3246 337 3323 Agrium,
356 3267 453 3321 regem
475 3254 561 3304 terrae
584 3247 806 3319 dominatorem,
828 3246 985 3304 Moabitici
1003 3246 1039 3304 de
1058 3251 1143 3323 petra
1164 3247 1274 3305 deserti
1296 3245 1333 3305 ad

215 3333 348 3385 montem
360 3327 428 3384 filiae
443 3327 515 3385 Sion
527 3329 695 3385 traduxisti

136 3407 190 3479 Tu,
207 3427 272 3484 quae
289 3408 437 3466 furentem
458 3408 633 3466 Leviatham
653 3415 818 3485 serpentem
838 3415 1062 3484 tortuosumque
1082 3415 1113 3466 et
1125 3415 1239 3466 vectem
1252 3409 1332 3466 colli·

216 3489 288 3546 dens
302 3488 441 3546 damnoso
454 3489 575 3546 crimine
588 3490 734 3546 mundum
748 3490 890 3547 exemisti

134 3568 217 3627 Hinc
230 3570 364 3646 gentium
384 3589 438 3627 nos
455 3570 595 3646 reliquiae,
610 3577 671 3627 tuae
692 3572 747 3626 sub
767 3570 849 3627 cultu
870 3571 1026 3644 memoriae,
1041 3571 1151 3627 mirum
1164 3570 1197 3626 in
1210 3570 1330 3627 modum

215 3670 303 3727 quem
322 3670 353 3708 es
371 3650 460 3707 enixa
478 3651 695 3727 propitiationis
708 3652 839 3726 Agnum,
855 3658 1027 3727 regnantem
1048 3652 1117 3709 caelo
1139 3651 1328 3722 aeternaliter,

214 3751 385 3790 revocamus
398 3730 436 3788 ad
449 3750 530 3788 aram
540 3732 728 3789 mactandum
743 3732 959 3807 mysterialiter.

76 3843 98 3863 ω
134 3811 215 3870 Nam
241 3832 350 3870 manua
376 3831 480 3868 verum
508 3812 652 3869 Israelitis
673 3812 751 3868 veris
772 3813 836 3870 veri
858 3813 989 3870 Abrahae
1016 3813 1085 3869 filiis
1112 3811 1329 3869 admirantibus

215 3893 362 3969 quondam
375 3892 476 3969 Moysi
496 3893 574 3968 quod
595 3899 685 3969 typus
699 3893 844 3968 figurabat
852 3894 917 3968 jam
930 3913 1009 3950 nunc
1022 3894 1148 3951 abducto
1161 3893 1229 3950 velo
1243 3893 1332 3950 datur

213 3974 347 4050 prospici.
390 3973 459 4045 Ora,
474 3972 566 4049 virgo,
581 3992 635 4030 nos
648 3973 700 4029 illo
709 3992 785 4049 pane
798 3974 862 4030 caeli
875 3974 977 4051 dignos
990 3974 1072 4033 effici.

134 4053 193 4112 Fac
206 4054 269 4130 igni
290 4059 390 4112 sancto
407 4053 565 4129 Patrisque
578 4054 686 4126 verb03
706 4053 785 4129 quod
805 4055 895 4112 rubus
916 4065 951 4112 ut
972 4056 1121 4112 flammam
1140 4060 1176 4112 tu
1196 4055 1329 4130 portasti,

213 4136 296 4212 virgo
319 4141 415 4192 mater
433 4134 519 4208 facta,
542 4134 656 4211 pecuali
676 4135 753 4210 pelle
774 4135 915 4193 discincta
935 4136 1008 4213 pede
1028 4135 1146 4193 mundis
1164 4135 1250 4192 labiis
1270 4154 1330 4192 cor·

213 4216 307 4292 deque
321 4216 524 4292 propinquare

132 4295 191 4354 Fac
217 4296 329 4354 fontem
357 4297 480 4368 dulcem,
504 4316 591 4374 quem
612 4296 646 4353 in
667 4295 782 4353 deserto
803 4302 888 4390 petra
909 4297 1156 4391 praemonstravit,
1175 4296 1329 4373 degustare

211 4397 279 4435 cum
299 4377 412 4434 sincera
434 4379 499 4448 fide,
521 4395 663 4454 renesque
683 4377 813 4454 succingi
833 4378 938 4436 lotos
929 4398 962 4436 m
975 4379 1059 4452 mari,
1074 4397 1200 4456 anguem
1213 4396 1329 4436 aeneum

211 4458 245 4516 in
258 4477 343 4517 cruce
355 4421 507 4535 speculari.
