2946 5002
545 385 639 450 Festo
664 384 814 452 Octobris.
1214 387 1288 451 113'

106 603 294 664 Sarcroauu
315 621 485 666 ussrrnun
504 607 659 676 D1ours11,
679 624 894 679 socmrrnoun
913 626 992 670 sous.
1037 608 1099 683 (vii
1114 609 1159 667 Id
1177 609 1255 685 Oct.)

144 756 284 832 Officium.
327 758 427 817 Intret
439 759 473 816 in
486 765 649 836 conspectu.

144 837 254 896 Oratio.

143 918 234 991 Deus,
259 919 311 994 qui
331 919 473 978 hodierna
496 921 544 978 die
567 922 686 978 beatum
710 920 888 997 Dionysium
911 921 1023 978 virtute
1050 921 1221 979 constantiae
1242 921 1275 977 in

84 999 217 1077 passione
230 1001 374 1058 roborasti
383 1021 392 1073 3
412 1001 521 1076 quique
534 1000 580 1057 illi
596 1001 633 1058 ad
653 1002 871 1077 praedicandum
891 1002 1028 1078 gentibus
1047 1001 1171 1078 gloriam
1190 1007 1274 1059 tuam

85 1080 242 1137 Rusticum
260 1086 291 1138 et
312 1080 518 1139 Eleutherium
538 1081 646 1138 sociare
659 1082 797 1158 dignutus
810 1102 858 1156 es3
878 1083 976 1140 tribue
989 1082 1082 1154 nobis,
1098 1101 1273 1159 quaesumus,

82 1179 122 1218 ex
134 1180 236 1218 eorum
248 1161 415 1219 imitatione
435 1181 487 1238 pro
507 1181 605 1219 amore
625 1168 677 1220 tuo
696 1182 835 1239 prospere
854 1163 958 1220 mundi
972 1162 1127 1239 despicere,
1141 1169 1171 1220 et
1191 1164 1275 1220 nulla

83 1242 147 1317 ejus
159 1241 282 1299 adversa
294 1241 459 1311 formidare.
502 1243 561 1300 Per
574 1242 744 1301 Dominum.

143 1322 257 1398 Epistol
276 1366 283 1379 .
325 1323 420 1381 Lectio
434 1322 563 1382 Actutum
576 1322 778 1398 Apostolorum
791 1324 877 1398 (xvii.
894 1323 1011 1400 22-34).

143 1402 183 1459 In
196 1403 299 1460 diebus
315 1403 384 1475 illis,
399 1404 487 1461 Stans
508 1403 619 1461 Paulus
635 1404 668 1460 in
685 1405 781 1462 medio
795 1405 944 1482 Areopagi
963 1423 1053 1479 usquc
1073 1405 1114 1462 cut
1133 1404 1185 1462 alii
1205 1424 1272 1462 cum

81 1480 125 1540 eis
138 1483 325 1541 crediderunt
338 1483 467 1542 Domino
480 1485 502 1543 J
503 1504 554 1542 esu
568 1483 692 1542 Christo.

145 1563 279 1622 Gradole.
323 1564 480 1624 Gloriosus.

141 1644 291 1721 Alleluya.
340 1645 369 1703 V
392 1645 476 1703 Justi
489 1645 653 1722 epulentur.

143 1723 304 1800 Sequentia.
348 1726 423 1783 Ecce
436 1726 567 1802 pulchra,
581 1735 615 1783 ut
628 1727 663 1783 im
676 1724 840 1786 Communi.

142 1806 342 1880 Euorrqclium.
385 1806 500 1863 Videns
513 1807 616 1864 turbas
630 1806 652 1863 J
654 1826 727 1864 esus.

144 1886 336 1960 Offertorium.
379 1887 536 1944 Laetamini
549 1887 581 1944 in
596 1887 733 1945 Domino.

143 1965 262 2025 Secreta.

143 2046 260 2117 Hostia,
283 2047 420 2118 Domine,
443 2067 616 2124 quesumus,
638 2068 727 2123 quam
747 2048 781 2105 in
801 2060 968 2106 sanctorum
986 2053 1107 2105 tuorum
1127 2047 1272 2123 Dionysii,

83 2125 207 2200 Rustici,
223 2134 253 2185 et
270 2127 437 2186 Eleutherii
455 2129 599 2187 natalitiis
618 2135 799 2187 recensentes
819 2128 975 2198 offerimus,
990 2135 1020 2185 et
1033 2126 1152 2185 vincula
1167 2135 1275 2185 nostrae

81 2207 238 2283 pravitatis
264 2209 406 2281 absolvat,
435 2215 465 2266 et
491 2215 551 2266 tuae
578 2211 663 2267 nobis
689 2208 894 2267 misericordiae
922 2209 998 2266 dona
1025 2208 1167 2268 conciliet.
1214 2208 1272 2266 Per

84 2287 254 2346 Dominum.

142 2367 320 2429 Gemmarum.
364 2369 451 2427 Beati
464 2370 574 2428 mundo
588 2371 680 2428 corde.
711 2391 714 2399 ¹

142 2450 383 2508 Postcommwuio.

143 2528 284 2607 Sumptis,
299 2531 435 2602 Domine,
452 2531 614 2589 caelestibus
627 2532 824 2603 sacramentis,
837 2550 1011 2607 quaesumus,
1025 2530 1273 2588 intercedentibus

80 2610 175 2668 beatis
187 2611 366 2688 martyribus
379 2612 439 2668 tuis
454 2611 605 2688 Dionysio,
621 2612 753 2684 Rustico,
769 2618 799 2669 et
819 2611 999 2685 Eleutherio,
1011 2611 1049 2669 ad
1063 2611 1272 2687 redemptionis

81 2697 198 2750 aeternae
211 2691 395 2768 proficiemus
407 2698 608 2768 augmentum.
651 2692 717 2750 Per.

142 2895 254 2954 Eonau
274 2911 328 2952 nur
348 2911 452 2953 sarcrr
473 2895 495 2953 J
496 2911 630 2953 onaurrs
650 2913 690 2953 nn
711 2895 950 2953 annmesou*
993 2893 1054 2972 (vii.
1071 2894 1115 2952 Id.
1132 2894 1211 2973 Oct.)

144 3042 283 3115 Officium.
325 3040 388 3118 Ego
401 3047 501 3098 autem
514 3041 546 3098 in
559 3042 735 3100 innocentia.

141 3122 287 3182 Psutmus.
330 3121 352 3179 J
353 3122 445 3180 udica.

144 3201 252 3263 Oratio.

143 3283 232 3350 Deus,
247 3283 316 3359 quia
330 3289 435 3358 praeter
448 3289 479 3340 te
496 3283 596 3340 nullus
615 3290 659 3341 est
680 3284 763 3354 alius,
779 3289 809 3340 et
827 3282 896 3358 quia
918 3289 947 3340 te
964 3301 1049 3340 nosse
1071 3288 1271 3339 consummata

83 3369 128 3421 est
136 3364 264 3439 justitia,
278 3370 393 3439 praesta,
409 3383 583 3439 quaesumus,
598 3370 633 3420 ut
650 3364 726 3420 sicut
739 3365 841 3421 beatus
860 3362 883 3420 J
884 3362 1020 3435 ohannes,
1035 3363 1181 3420 confessor
1200 3368 1270 3419 tuus

83 3449 113 3501 te
125 3463 218 3501 unum
232 3450 262 3501 et
275 3444 389 3500 trinum
402 3445 500 3501 Deum
514 3463 574 3501 esse
588 3445 733 3522 cognovit,
747 3445 789 3502 ita
807 3445 870 3520 ipso
891 3463 944 3520 pro
964 3444 1049 3500 nobis
1062 3443 1269 3514 intercedente,

81 3524 120 3581 da
132 3543 234 3600 pacem
247 3524 354 3582 mentis
368 3530 399 3582 et
411 3525 448 3581 ab
462 3526 596 3583 omnibus
610 3545 662 3582 nos
676 3525 793 3583 absolve
806 3525 937 3601 peccatis.

141 3605 237 3662 Lectio
251 3605 291 3662 ad
307 3604 487 3663 Timotheum
500 3606 516 3681 (
519 3607 537 3661 2
551 3606 583 3662 ii.
603 3607 718 3683 19-25).

142 3684 288 3761 Cognovit
301 3684 446 3743 Dominus
460 3686 512 3762 qui
528 3692 598 3743 sunt
616 3687 679 3763 ejus
697 3705 787 3760 casque
805 3687 845 3742 cd
863 3684 916 3760 qui
933 3685 1074 3743 resistunt
1087 3684 1215 3756 veritati,
1230 3684 1270 3741 In

81 3764 105 3823 J
106 3785 155 3823 esu
170 3765 287 3823 Christo
301 3766 429 3823 Domino
442 3772 550 3826 nostro.

143 3846 274 3904 &adole
318 3846 381 3922 Ego
394 3853 494 3904 autem
507 3847 540 3903 in
553 3847 682 3904 Domino
694 3846 816 3923 speravi.

90 3926 118 3983 V.
143 3927 206 4003 Ego
220 3935 319 3984 autem
333 3946 400 3984 cum
408 3929 421 4003 j
425 3928 535 3985 ustitia

91 4005 120 4065 V.
145 4008 208 4085 Ego
221 4013 322 4066 autem
335 4008 372 4065 ad
386 4008 556 4065 Dominum.

143 4087 310 4146 Secundum
322 4088 434 4145 Ducam
446 4087 545 4164 (ccciii.
563 4088 677 4164 17-30)

143 4169 181 4226 In
195 4169 245 4226 illo
263 4175 402 4245 tempore,
418 4168 507 4226 Dixit
523 4169 546 4226 J
547 4188 612 4226 esus
632 4169 781 4245 discipulis
801 4168 881 4226 suis:
901 4167 1007 4238 Amen,
1025 4167 1090 4225 dico
1103 4167 1186 4225 vobis
1206 4167 1270 4242 qui·

86 4266 197 4326 cunque
210 4270 270 4307 non
284 4250 428 4325 acceperit
441 4270 530 4324 usque
544 4251 584 4307 ud
597 4256 628 4307 et
641 4249 672 4307 in
687 4250 790 4307 saeculo
804 4250 906 4306 futuro
919 4247 1013 4306 vitam
1027 4253 1175 4306 aeternam.

144 4329 334 4405 Offertoriwm.
377 4330 440 4406 Ego
453 4335 554 4387 autem
567 4330 643 4387 sicut
656 4330 740 4388 oliva.

143 4457 155 4482 ³
170 4457 231 4503 This
244 4457 313 4504 Mass
325 4471 411 4502 occurs
420 4457 478 4515 only
487 4457 513 4500 in
523 4456 575 4502 MS.
587 4457 609 4502 D
620 4458 646 4502 in
655 4459 704 4503 this
713 4458 787 4516 place,
797 4457 844 4501 ond
854 4457 955 4502 without
965 4456 1018 4504 dato
1029 4457 1053 4504 ol
1063 4458 1135 4508 Feast
1148 4459 1173 4506 in
1184 4459 1236 4508 MS.
1248 4459 1269 4506 Ε

89 4515 187 4564 towards
196 4518 236 4562 tho
247 4516 301 4563 end.
333 4516 364 4561 In
374 4517 414 4562 the
425 4517 488 4563 Acta
498 4516 542 4563 ὃὸ.
553 4516 593 4563 the
604 4516 657 4563 date
668 4517 740 4576 given
750 4517 772 4564 is
783 4516 828 4562 VI.
840 4515 876 4561 Ic
888 4516 939 4562 Oct.

142 4594 207 4637 VOL.
222 4595 257 4637 11.
418 4619 421 4624 ·
652 4595 664 4636 1
