2946 5002
183 312 245 374 lea
400 306 513 374 Missae
528 308 567 374 de
583 307 900 384 Ominnmoratione
916 307 1014 372 beatae
1028 305 1161 372 Maria.

243 476 387 534 Psalnms.

241 557 314 626 Quae
334 557 475 633 gaudium
490 555 595 612 matris
615 555 726 613 hahens
743 575 811 612 eum
832 554 1015 633 virginitatis
1036 554 1156 625 honore,
1179 573 1232 611 nec
1255 553 1379 630 primam

180 637 308 695 similem
321 638 386 695 visa
400 656 431 694 es
445 655 499 694 nec
512 636 620 694 habere
634 641 816 712 sequentem.

245 729 354 788 Oratio.

242 810 374 868 Ooncede
404 829 459 867 nos
494 809 620 866 famulos
650 815 725 881 tuoe,
754 828 932 885 quaesumus,
962 808 1091 866 Domine
1119 808 1210 881 Deus,
1238 814 1381 885 perpetua

180 891 288 949 mentis
312 899 342 949 et
363 890 491 966 corporis
511 890 639 948 sanitate
659 890 786 967 gaudere
797 909 807 962 ;
833 895 864 948 et
883 889 1011 966 gloriosa
1029 890 1125 947 beatae
1145 888 1252 946 Mariae
1269 909 1382 965 semper

179 972 305 1049 virginis
328 970 545 1042 intercessione,
567 991 584 1028 a
608 970 748 1046 praesenti
773 970 894 1028 liberari
916 970 1050 1043 tristitia,
1076 975 1107 1027 et
1133 975 1244 1028 aeterna
1271 971 1382 1047 perfrui

179 1053 293 1111 laetitia.
347 1053 405 1110 Per
426 1052 590 1108 Dominum
610 1057 752 1109 nostrum.

198 1147 201 1154 '
238 1145 336 1204 Lectio
350 1144 419 1202 iibri
431 1143 590 1220 Sapientia
604 1143 733 1220 (Eceiua
749 1144 825 1202 ania.
843 1143 959 1221 1416)

238 1227 290 1284 Ab
314 1226 402 1283 initio
426 1231 457 1282 et
480 1230 550 1281 ante
573 1224 679 1281 saecula
703 1231 802 1282 creata
826 1244 892 1281 sum
912 1245 1003 1300 usque
1021 1225 1061 1282 ad
1082 1225 1123 1282 Et
1140 1225 1173 1280 iu
1195 1225 1381 1302 plenitudine

180 1314 349 1365 sanctorum
364 1305 497 1363 detentio
511 1324 584 1362 mea.

242 1399 376 1457 Gradaie.

239 1480 401 1538 Benedicta
421 1485 452 1536 et
470 1478 649 1536 venerabilis
670 1498 710 1549 es,
728 1478 813 1556 virgo
834 1479 932 1535 Maria
942 1499 951 1550 3
982 1499 1047 1555 quae
1070 1479 1134 1536 siue
1155 1485 1240 1536 tactu
1261 1480 1381 1556 pudoris

179 1562 304 1619 inventa
317 1581 348 1617 es
362 1566 458 1617 mater
472 1559 644 1616 Salvatoris.

186 1642 216 1700 V.
241 1642 337 1718 Virgo
352 1641 411 1697 Dei
423 1641 569 1717 genetrix,
585 1659 673 1715 quem
686 1645 769 1697 totus
789 1659 851 1697 non
872 1640 951 1717 capit
965 1641 1064 1698 orbis:
1092 1640 1125 1696 iu
1147 1647 1201 1698 tua
1223 1661 1254 1711 se
1276 1642 1381 1699 elausit

181 1724 294 1780 viscera
306 1720 403 1780 factus
416 1722 512 1780 homo.

240 1803 391 1877 Alleluya.
453 1802 482 1861 V.
520 1801 592 1858 Post
623 1809 743 1878 partum
780 1801 865 1878 virgo
896 1802 1042 1860 inviolata
1076 1803 1266 1879 permansisti
1277 1823 1285 1874 3
1325 1802 1382 1859 Dei

180 1885 317 1961 genetrix
341 1883 489 1941 intercede
512 1903 566 1958 pro
591 1883 684 1940 nobis.

239 1981 309 2038 Ista»
323 1979 483 2056 Sequentia
505 1979 671 2055 subscripta
696 1980 837 2037 dieantur
864 1979 1032 2036 alternatim
1051 1980 1086 2036 in
1107 1978 1381 2050 Conantemoratrbne

180 2063 265 2120 beatae
280 2063 387 2118 Minici>
401 2082 420 2118 a
433 2061 516 2118 Festo
531 2061 755 2135 Purificationia
769 2061 856 2118 beatae
872 2059 978 2117 Murice
992 2081 1083 2135 usque
1097 2062 1138 2118 ad
1154 2061 1252 2136 Caput
1267 2060 1381 2137 Jejuutt

179 2153 204 2200 et
218 2164 238 2201 a
257 2143 341 2200 Festo
355 2142 470 2199 Sancta
485 2141 644 2198 lhinitatie
657 2161 747 2215 usque
761 2143 802 2198 ad
816 2140 983 2198 Adventum
996 2141 1125 2198 Domini.

240 2235 403 2310 Sequentia.
446 2233 515 2290 Ave
530 2233 636 2290 Maria.

241 2317 312 2372 Alia
325 2315 490 2390 Sequentia.
536 2315 605 2371 Ave
618 2314 731 2370 mundi.

240 2397 313 2454 Alia
326 2395 491 2470 Sequentia.
535 2395 602 2452 Hac
622 2395 700 2451 clara
714 2395 769 2450 die.

240 2477 312 2534 Atia
325 2476 488 2552 Sequentia.
533 2476 703 2532 Hodiernae.

240 2558 313 2615 Atta
326 2557 488 2633 Sequentia.
532 2555 693 2613 Benedicta
707 2575 737 2614 es
752 2557 897 2614 caelorum.
991 2575 994 2580 ·

237 2638 309 2696 Atta
322 2638 485 2714 Sequentia.
530 2637 635 2711 Gaude
651 2637 708 2694 Dei
723 2639 868 2713 genetrirr.

239 2735 364 2809 Require
385 2734 458 2791 istas
485 2732 656 2807 Sequentias
675 2732 759 2807 infra
786 2734 907 2790 Oetaeas
928 2732 1152 2810 Assumptionis.
1206 2734 1330 2805 Quando
1343 2739 1381 2810 fit

179 2814 419 2875 Commemoratio
434 2814 520 2871 beata
533 2813 642 2869 Maria
655 2811 733 2870 inter
742 2813 856 2887 fictum
873 2813 1030 2873 Trinitatis
1044 2825 1070 2872 et
1083 2815 1249 2873 Adventum
1258 2816 1381 2874 Domini

179 2898 214 2954 in
227 2904 306 2953 senta
326 2894 424 2966 Faria,
441 2903 509 2951 tuuc
523 2893 633 2950 dicitnr
645 2893 803 2967 Sequentia
815 2919 824 2952 .·
846 2895 951 2952 Stabat
966 2897 1059 2970 juxta
1072 2896 1186 2953 Christi
1200 2896 1331 2956 Crucem

241 2987 333 3062 Infra
345 2986 594 3063 Septuapeaimam
608 2986 720 3043 dicitur
732 2987 785 3043 iate
801 2987 934 3045 Tractus.

241 3069 353 3139 Gaude,
370 3068 467 3124 Maria
481 3068 584 3143 virgo:
606 3073 727 3124 cunctas
741 3067 865 3124 haereses
879 3068 940 3125 sola
953 3068 1139 3128 interemisti.

187 3152 217 3210 V.
241 3151 314 3220 Quae
336 3149 484 3207 Gabrielis
496 3147 681 3224 Archangeli
694 3149 781 3206 dietis
795 3149 957 3209 credidisti.

187 3233 216 3291 V.
239 3232 321 3289 Dum
334 3231 418 3306 virgo
432 3230 530 3286 Deum
544 3235 575 3286 et
588 3229 738 3286 hominem
751 3230 901 3306 genuisti:
925 3237 1036 3307 etpost
1052 3237 1171 3308 partum
1185 3232 1269 3309 virgo
1289 3228 1383 3290 invio-

184 3315 246 3371 lata
266 3311 466 3389 permansisti.

188 3396 217 3453 V.
241 3393 300 3451 Dei
313 3393 459 3470 genetrix,
480 3391 629 3449 intercede
643 3411 697 3468 pro
711 3391 804 3449 nobis.

242 3486 410 3545 Secundum
423 3484 536 3541 Ducam
549 3483 606 3560 (ni.
624 3485 671 3556 27,
688 3485 752 3562 28).

243 3568 282 3624 In
295 3567 347 3623 1110
361 3572 501 3642 tempore,
517 3564 671 3640 Loquente
691 3564 714 3622 J
715 3584 766 3621 esu
780 3566 817 3622 ad
831 3566 942 3637 turbas,
959 3566 1105 3624 extoHens
1126 3586 1227 3624 vocem
1248 3567 1382 3644 quaedam

182 3649 290 3707 mulier
303 3648 339 3704 de
352 3647 441 3704 turba
454 3645 533 3702 dixit
547 3645 592 3700 illi
604 3665 612 3716 3
640 3645 751 3701 Beatus
764 3652 869 3702 venter
882 3646 979 3721 quite
999 3647 1138 3722 portavit,
1155 3653 1185 3704 et
1206 3648 1297 3706 ubera
1317 3669 1384 3725 quae

183 3729 298 3788 suxisti.
350 3729 397 3784 At
416 3726 466 3784 ille
487 3725 582 3797 dixit3
614 3725 795 3798 Quinimmo,
811 3727 891 3784 beati
905 3727 957 3802 qui
970 3728 1097 3786 audiunt
1116 3730 1239 3785 verbum
1264 3730 1332 3802 Dei,
1352 3737 1384 3786 et

183 3811 354 3868 custodiunt
366 3807 450 3869 illud.

246 3903 370 3974 Quando
396 3902 473 3959 inter
492 3899 607 3976 sectum
636 3899 792 3958 Trinitatis
812 3909 837 3959 et
859 3900 1025 3959 Adventum
1046 3902 1170 3960 Domini
1192 3913 1330 3963 caedatur
1349 3905 1386 3961 de

184 3985 315 4043 Domina
326 3982 415 4050 Faria
428 3991 515 4055 senta,
530 3981 647 4039 dicatur
667 3981 815 4056 Alleluya.
864 3981 893 4039 V.
917 3979 1012 4058 Virga
1028 3983 1050 4041 J
1051 4002 1119 4040 esse.

204 4079 207 4086 '
244 4075 407 4152 Sequentia.
451 4075 565 4132 Stabat.

244 4168 444 4244 Evanqeiium.
489 4167 616 4226 Stabant
632 4168 723 4243 juxta
736 4186 858 4225 crucem.

246 4262 480 4418 SSleiiioiidiiiiiue
494 4361 533 4414 es,
548 4361 629 4399 saera
642 4341 727 4417 virgo
741 4340 847 4411 Maria,
863 4347 893 4399 et
907 4341 990 4399 omni
1002 4340 1089 4399 lande
1102 4341 1292 4419 dignissima:
1313 4346 1382 4421 quia

181 4443 223 4481 ex
236 4429 268 4481 te
280 4429 362 4482 ortus
375 4428 420 4481 eat
433 4423 477 4480 sol
486 4423 613 4499 justitiae
628 4420 764 4480 Christus
778 4422 860 4480 Deus
874 4430 982 4495 noster,
997 4420 1131 4498 alleluya.
