2946 5002
507 327 602 392 Festa
623 327 827 393 Nocembais.
1201 331 1261 393 121

74 490 284 629 irie-Enim}
294 493 421 570 gloriosa
441 493 595 551 sollemnia
621 494 719 552 tribue
746 494 885 572 subsequi
911 495 944 551 in
965 501 1066 553 sancta
1086 495 1268 572 professione

86 591 134 628 ae1
178 592 214 630 m.
284 594 324 631 er.
370 587 373 593 '

131 653 275 711 Memoria
289 655 324 712 dc
336 663 435 713 sancto
451 653 601 727 Quintiae,
616 665 751 730 irrurtyre.
795 656 903 714 Oratio.
933 657 1055 728 Praesta,
1070 676 1243 733 quaesumus.

132 741 246 824 [Tertio
261 747 362 805 Oratio
375 749 416 805 ad
429 758 536 804 nutius
550 747 845 806 soccessoris—MS.
861 746 914 830 D.]

131 838 226 897 Lectio
241 840 309 898 libri
322 841 511 916 Apocalypsis
525 841 598 898 beati
611 839 759 898 Jotaanis
773 840 905 916 Apostoli
918 842 959 918 (v.
974 843 1071 919 6-13.)

133 918 172 977 In
186 920 288 978 diebus
301 921 368 994 illis,
385 922 460 978 Ecce
480 941 533 997 ego
553 922 575 979 J
576 921 705 978 ohannes
725 922 789 979 vidi
808 923 840 979 in
854 923 949 980 medio
963 924 1062 980 throni
1077 943 1167 998 eisquc
1180 923 1220 980 cd
1233 922 1267 978 in

72 1000 177 1057 saecula
190 1002 371 1059 saeculorum.
413 1003 522 1059 Amen.

133 1092 267 1152 Gradul.
308 1095 518 1152 Exsultabunt.

130 1173 166 1231 Si
178 1175 336 1232 Dominica
349 1176 395 1246 cit,
410 1175 560 1251 Alleluya.
609 1176 638 1233 Γ.
661 1177 682 1233 J
684 1176 745 1232 usti
757 1176 790 1232 in
803 1183 986 1253 perpetuum.

132 1254 332 1330 anaqela'wn.
375 1255 438 1333 Ego
451 1275 517 1313 sum
531 1256 603 1313 vitis
615 1275 692 1314 vera.

133 1333 323 1409 offertorium.
366 1337 531 1394 Laetamini.

131 1415 253 1474 Semta.

134 1497 242 1555 Altare
255 1504 350 1568 tuum,
366 1497 504 1569 Domine,
518 1497 688 1556 muneribus
702 1499 885 1556 cumulamus
895 1500 1010 1570 oblatis,
1024 1499 1071 1573 da,
1087 1519 1263 1577 quaesumus,

70 1584 108 1636 ut
119 1577 157 1634 ad
170 1579 297 1635 salutem
310 1584 442 1635 nostram
456 1579 589 1635 omnium
603 1587 770 1636 sanctorum
786 1587 904 1637 tuorum
919 1582 1086 1656 precatione
1100 1580 1264 1658 proficiant,

70 1677 197 1736 quorum
211 1659 365 1717 sollemnia
377 1666 505 1717 ventura
518 1660 732 1735 praecurrimus.
774 1660 841 1718 Per.

132 1737 311 1799 Coruncanio.
354 1739 418 1817 Ego
431 1760 498 1797 sum
511 1740 589 1799 vitis.

132 1821 371 1879 Poctcommunio.

131 1901 337 1973 Sacramentis,
361 1901 498 1973 Domine,
524 1907 555 1958 et
567 1902 681 1979 gaudiis
700 1906 803 1978 optata
823 1902 994 1960 celebritate
1015 1903 1140 1979 expletis
1153 1923 1264 1979 quaesu·

69 2002 144 2055 mus,
160 1987 195 2039 ut
209 2001 308 2040 eorum
324 1983 459 2059 precibus
472 1982 653 2059 adjuvemur,
665 2001 791 2058 quorum
810 1985 1061 2041 recordationibus
1075 1985 1263 2042 exhibentur«

71 2063 131 2121 Per
144 2062 315 2120 Dominum.

305 2241 344 2298 In
364 2259 417 2299 nuc
438 2242 568 2300 Ouruuu
590 2241 786 2300 Silscronuu.
829 2241 912 2314 (Kal.
928 2241 1020 2316 Nos.)

132 2386 180 2443 Ad
193 2385 326 2443 Missum.
375 2384 513 2461 Officium.

132 2466 316 2525 Gaudeamus
330 2486 430 2524 omnes
448 2468 481 2523 in
503 2467 641 2538 Domino,
656 2467 735 2524 diem
756 2467 864 2525 festum
887 2468 1064 2526 celebrantes
1085 2469 1139 2526 snb
1153 2469 1266 2527 honore

71 2548 203 2641 omnium
212 2547 394 2640 Sanctorum,
406 2547 442 2604 de
451 2567 578 2623 quorum
586 2548 784 2606 sollemnitate
793 2549 924 2625 gaudent
933 2549 1039 2626 angeli,
1052 2554 1082 2606 et
1093 2549 1262 2607 collaudant

70 2628 274 2803 Full'lialipili.
317 2709 476 2766 Exsultate
486 2709 562 2784 justi
575 2709 608 2766 in
622 2709 770 2767 Domino:
791 2714 886 2767 rectos
900 2712 983 2769 decet
993 2710 1178 2768 collaudatio.

130 2790 325 2947 gidiiiotens
336 2869 513 2946 sempiterne
523 2870 614 2943 Deus,
627 2871 679 2946 qui
692 2890 746 2927 nos
756 2871 888 2928 omnium
900 2871 1074 2929 Sanctorum
1088 2874 1193 2930 merita
1206 2873 1265 2930 sub

70 2970 130 3008 una
148 2952 256 3009 tribuis
276 2951 473 3009 sollemnitate
486 2951 630 3023 venerari,
647 2971 821 3028 quaesumus,
836 2960 872 3009 ut
893 2952 1089 3010 desideratam
1102 2954 1188 3011 nobis
1201 2960 1263 3011 tuae

69 3031 287 3108 propitiationis
300 3031 514 3090 abundantiam
527 3032 731 3109 multiplicatis
744 3033 1000 3091 intercessionibus
1020 3034 1161 3111 largiaris
1204 3033 1267 3092 Per
1375 3062 1382 3076 ·

71 3112 240 3171 Dominum.

128 3194 224 3252 Lectio
244 3194 312 3251 libri
325 3192 514 3269 Apocalypsis
528 3193 602 3252 beati
614 3193 764 3252 Joluaais
779 3194 910 3270 Apostol‘
924 3195 990 3272 (vii.
1007 3195 1102 3270 2-12).

129 3274 169 3331 In
182 3274 287 3332 diebus
299 3274 367 3346 illis,
382 3274 458 3332 Ecce
478 3294 531 3351 ego
552 3275 704 3333 Johannes
726 3275 788 3332 vidi
809 3277 936 3332 alterum
957 3277 1093 3353 angelum
1115 3274 1263 3351 usquead

70 3354 248 3412 saeculorum.
291 3355 399 3412 Amen.

129 3435 264 3494 &adca
306 3435 421 3492 Timete
434 3434 605 3493 Dominum.

76 3516 104 3575 l'.
124 3516 324 3594 Inquirentes

126 3597 276 3674 Alleluya.
324 3596 354 3654 V.
376 3597 398 3655 J
398 3595 567 3654 udicabunt.

126 3688 290 3766 Sequentia.

306 3769 426 3829 Christo
440 3769 553 3846 inclyto
566 3770 709 3828 candida*

348 3850 461 3908 Nostra
474 3857 586 3908 canunt
599 3851 725 3909 melodia
738 3851 857 3928 agmina
868 3872 876 3924 ;

308 3931 424 3989 Laudes
439 3932 575 3989 omnibus
588 3931 692 3989 dantia

346 4012 462 4070 Sanctis
474 4032 528 4088 per
540 4013 602 4070 haec
616 4032 698 4070 sacra
708 4013 831 4070 festalia

308 4092 436 4150 Mariam
450 4093 581 4169 primum
594 4112 653 4151 vox
667 4099 752 4150 sonet
765 4100 875 4166 nostra,

348 4173 406 4232 Per
416 4193 506 4250 quam
518 4173 604 4230 nobis
618 4174 688 4230 vitae
703 4180 774 4231 sunt
787 4175 857 4231 data
870 4175 990 4250 praemia
1000 4194 1009 4247 3

307 4253 423 4331 Regina
441 4274 506 4331 quae
521 4274 552 4311 es
565 4261 661 4312 mater
674 4261 704 4312 et
718 4261 807 4326 casta,

347 4335 434 4394 Solve
447 4341 549 4393 nostra
562 4355 615 4411 per
628 4334 739 4393 Filium
749 4336 923 4413 peccamina.

194 4464 208 4491 ⁴
224 4461 471 4509 keirein-christo
481 4462 572 4521 inclyta
583 4463 684 4508 candida
693 4466 776 4509 nostra
785 4465 875 4508 canunt
885 4462 1011 4509 melodiam
1021 4461 1125 4520 agmina
