2946 5002
561 375 870 460 restituam.
1274 395 1316 456 ra

190 611 371 669 Siucrorum
391 626 607 668 courmsouun
628 609 767 667 Vnonsrr
788 626 826 665 m
845 611 986 666 Annum.
1030 608 1104 687 (viii.
1121 610 1165 667 Id.
1183 608 1268 684 Feb.)

187 733 324 808 Officium.
369 733 539 790 Sacerdotes
552 735 615 810 ejus
629 733 799 789 induantur.

187 814 292 872 Oratio.
336 814 428 886 Deus,
444 815 563 890 quinos
577 820 746 870 sanctorum
760 812 965 872 confessorum,

184 895 295 970 Epistol
314 940 320 951 .
364 895 470 952 Plures
483 895 555 952 facti
569 901 639 952 sunt
652 895 823 951 sacerdotes

186 975 317 1033 Grudale.
363 975 533 1033 Sacerdotes
547 977 618 1051 ejus.

184 1056 331 1133 Alleluya.
381 1057 410 1114 V.
434 1057 604 1132 Fulgebuut
617 1057 701 1131 justi.
1077 1094 1080 1101 -

184 1137 383 1212 Eoonyeliam.
428 1137 495 1194 Sint
509 1137 604 1193 lumbi
618 1138 709 1193 vestri
722 1157 812 1211 usque
827 1138 867 1192 od
881 1136 962 1192 filius
975 1136 1105 1193 hominis
1119 1136 1228 1193 veniet.

186 1218 375 1290 offertorium.
419 1218 628 1275 Exsultabunt.

186 1298 366 1356 Communia.
410 1299 568 1357 Justorum
582 1299 696 1355 animae.

207 1483 335 1541 Sanora
356 1483 555 1553 Soomsrrom,
578 1498 713 1538 vmorms
734 1497 795 1538 uon·
817 1496 977 1536 miurinus
1022 1480 1073 1556 (iv.
1090 1479 1135 1537 Id.
1152 1478 1237 1548 Feb.)

188 1597 327 1672 Officium.
371 1597 514 1654 Dilexisti
522 1597 683 1673 justitiam.

187 1678 295 1736 Oratio.
339 1679 533 1754 Omnipotens
547 1677 723 1754 sempiterne
738 1676 827 1733 Deus.

186 1759 326 1835 Epistola.
371 1759 430 1828 Qui
444 1759 595 1835 gloriatur.

189 1840 323 1899 Gradale.
366 1840 517 1897 Dilexisti.

187 1921 334 1996 Alleluya.
384 1921 412 1979 V.
435 1921 582 1976 AEmulon

187 2000 387 2075 Eneapellam.
431 2001 534 2058 Simile
548 2008 593 2057 est
606 2019 730 2075 regnum
746 2000 883 2055 caelorum
898 1997 998 2054 decem
1013 1996 1188 2072 virginibus

190 2082 383 2155 Offertoriam.
428 2082 605 2154 Offerentur,
621 2081 728 2138 minos.

189 2163 369 2220 Communia
414 2163 552 2238 Quinque
565 2163 731 2239 prudentes

307 2344 418 2401 Senem
440 2344 625 2415 Vanuurml,
648 2360 810 2401 asumma
854 2343 927 2420 (xvi.
950 2343 1019 2400 Kal.
1037 2341 1141 2421 Mart.)

190 2457 329 2531 Officium.
373 2458 412 2514 In
426 2458 538 2515 virtute
553 2465 613 2514 tua.

190 2537 299 2596 Orotm.

189 2618 309 2691 Praesta,
346 2639 520 2696 quaesumus,
557 2620 744 2695 omnipotens
778 2620 869 2690 Deus,
907 2626 942 2676 ut
976 2619 1029 2695 qui
1061 2619 1142 2676 beati
1170 2618 1328 2676 Valentini

136 2701 267 2774 martyris
279 2700 327 2757 tui
340 2700 477 2757 natalitia
491 2700 621 2772 colimus,
637 2701 778 2758 acunctis
795 2701 889 2773 malis,
905 2700 1137 2772 imminentibus,
1153 2701 1216 2776 ejus
1238 2702 1327 2757 inter-

136 2780 255 2838 cessione
269 2782 437 2839 liberemur.
480 2780 539 2838 Per
553 2781 725 2839 Dominum.

189 2861 330 2937 Epistola.

189 2943 367 3000 Benedictus
380 2942 463 3000 Deus
481 2951 511 2999 et
529 2942 620 3001 Pater
634 2944 758 3001 Domini
772 2944 867 3001 nostri
880 2943 902 3001 J
904 2964 954 3001 esu
968 2943 1090 3017 Christi,
1104 2944 1157 3019 qui
1174 2943 1328 3001 benedixit

138 3039 190 3080 nos.

192 3103 324 3161 Grodale
368 3105 479 3161 Beatus
493 3104 547 3161 vir.

189 3185 338 3261 Alleluya.
389 3184 418 3242 V.
443 3185 544 3242 Gloria
558 3191 589 3242 et
602 3185 722 3243 honore.

195 3266 241 3322 Vel
255 3267 388 3337 Tractus,
404 3266 430 3323 si
443 3264 527 3341 lasro
541 3266 789 3341 Septaopesc'mom
802 3267 930 3324 everterit.
975 3266 1171 3325 Desiderium.

190 3347 388 3421 anapelium.
431 3346 599 3404 Secundum
612 3348 796 3405 Mattleceom.
840 3348 872 3404 Si
886 3349 952 3424 quis
965 3349 1033 3406 vult
1046 3357 1114 3424 post
1127 3369 1174 3406 me
1189 3348 1298 3404 venire.

193 3427 386 3501 offertorium.
430 3429 469 3484 In
483 3428 598 3486 virtute
608 3435 669 3486 tua.

192 3507 312 3576 Secreto.

191 3589 313 3660 Oblatis,
331 3588 467 3659 Domine,
483 3590 599 3664 placare
613 3591 793 3662 muneribus,
809 3597 839 3647 et
853 3591 1052 3647 intercedente
1063 3591 1149 3647 beato
1164 3588 1329 3647 Valentino

137 3675 259 3743 martyre
273 3676 334 3741 tuo,
351 3690 368 3726 a
382 3670 495 3727 cunctis
508 3690 562 3727 nos
577 3671 700 3729 defende
713 3671 859 3748 periculis.
903 3671 962 3728 Per
976 3671 1140 3729 Dominum
1154 3677 1298 3728 nostrum.

193 3751 374 3808 Contraum'o.
418 3751 530 3828 Magna
544 3758 589 3808 est
602 3753 705 3830 gloria.

193 3832 434 3889 Postcommuaio.

195 3911 240 3968 Sit
259 3913 353 3984 nobiS,
369 3912 507 3983 Domine,
522 3932 699 3989 quaesumus,
719 3914 866 3990 reparatio
885 3913 995 3971 mentis
1015 3919 1045 3970 et
1066 3911 1194 3987 corporis
1215 3911 1330 3968 caeleste

139 3995 314 4065 mysterium,
338 4000 374 4049 ut
397 3995 480 4069 cujus
504 3994 694 4070 exsequimur
717 3995 863 4053 actionem
891 3995 1052 4052 sentiamus
1077 3994 1222 4050 effectum.
1272 3992 1331 4049 Per

140 4071 303 4132 Dominum.

223 4230 340 4288 Snuoro
362 4232 383 4289 J
386 4248 517 4303 uorsus,
539 4248 676 4289 vinorum
698 4249 736 4288 nr
757 4249 918 4290 immunis
964 4230 1036 4308 (sir.
1055 4231 1125 4288 Kal.
1143 4231 1248 4310 Mart.)

197 4342 336 4418 Officium.
380 4344 536 4420 Loquebar
549 4345 585 4402 de
599 4351 637 4402 te.

198 4424 305 4483 Oratio,
348 4425 439 4497 DeuS,
455 4426 507 4501 qui
520 4445 574 4483 nos
588 4426 681 4482 beatae
696 4426 717 4483 J
720 4426 834 4483 ulianae.

196 4504 336 4580 Epistola.
379 4505 531 4582 Sapientia
544 4505 646 4562 vincit.
