2946 5002
619 420 620 424 ,
643 350 764 417 Prosae.

193 518 312 595 Angeli,
327 517 517 595 Archangeli,
532 537 585 575 vos
598 517 681 576 decet
692 517 757 575 laus
770 522 860 594 atque
872 516 973 575 honor.

194 599 320 658 Ordines
334 599 443 656 noveni
455 599 615 674 spirituum
627 598 789 670 beatorum,

193 679 275 750 Quos
287 680 320 737 in
333 680 393 737 Dei
405 679 542 736 laudibus
555 678 687 736 firmavit
699 678 815 751 caritas,

192 760 257 819 Nos
269 759 388 837 fragiles
401 760 534 818 homines
546 760 662 817 firmate
675 758 826 836 precibus:

192 841 258 899 Nos
271 841 418 919 spiritales
431 841 593 917 pravitates
606 834 711 898 vestro'
714 839 869 917 juvamine
882 839 1034 897 vincentes
1047 837 1166 897 fortiter

191 921 282 980 Nunc
295 929 326 980 et
339 922 373 979 in
386 941 483 978 aevum
497 922 603 979 vestris
616 921 707 979 simus
721 920 804 998 digni
816 919 976 979 sollemniis
984 920 1125 978 interesse
1137 919 1236 978 saeris

191 1002 256 1060 Vos
269 1021 343 1079 quos
357 1003 415 1060 Dei
428 1002 524 1080 gratia
536 1002 654 1062 vincere
667 1008 764 1061 terrea

193 1083 235 1141 Et
248 1083 359 1159 angelis
372 1084 464 1141 socios
478 1083 547 1141 fecit
561 1103 622 1140 esse
635 1082 710 1160 polo.

192 1164 257 1221 Vos
269 1163 452 1240 patriarchae,
466 1163 625 1241 prophetae,
639 1163 773 1241 apostoli,
788 1162 974 1235 confessores,
992 1168 1145 1240 martyres,
1159 1162 1305 1236 monachi,

273 1263 321 1301 vir
373 1264 403 1302 es

193 1324 235 1382 Et
246 1264 405 1383 vidudldrm
419 1330 537 1384 caterva
550 1325 708 1401 omniaque
721 1325 849 1383 caelestia
861 1325 993 1400 numina,
1007 1329 1156 1384 consortes
1169 1324 1267 1383 caelica

192 1405 294 1465 Facite
307 1405 340 1463 in
353 1406 422 1464 aula
435 1426 497 1480 nos,
512 1413 548 1463 ut
563 1406 730 1482 perenniter
887 1421 889 1425 ’

192 1485 313 1559 Foveat,
329 1492 475 1567 protegat,
485 1487 584 1563 jubila
597 1506 664 1544 cum
677 1487 785 1562 quibus
792 1505 956 1564 pangamus
966 1485 1052 1546 modo
1066 1492 1097 1546 et
1110 1505 1163 1564 per
1175 1492 1308 1565 tempora

274 1574 388 1627 cuncta.
650 1574 655 1586 ‘

660 1704 765 1764 LXII.

331 1826 427 1885 Prusa
439 1827 480 1884 ad
493 1825 651 1902 Sequentia
664 1827 789 1884 Tractus
802 1825 945 1885 (lonsona.

332 1919 478 1996 Alleluya

273 2015 418 2075 Consors
438 2033 577 2075 carrnva
591 2034 770 2077 rnaunnurn
783 2019 858 2077 sacri
870 2026 1028 2077 concentus
1041 2037 1177 2090 camaena,

273 2097 406 2155 Medulis
420 2097 556 2156 dulcibus
569 2104 674 2176 arguta
687 2099 768 2156 vocis
781 2118 891 2176 organa
903 2100 1062 2174 declarans,

272 2177 501 2254 Praepollentem
515 2198 613 2254 regem
626 2180 739 2256 inclyta
751 2179 837 2238 laude
847 2180 951 2239 saluta

271 2259 452 2334 Hymnifera
465 2278 536 2317 voce
548 2259 696 2336 inquiens,
712 2260 808 2333 Salve,
819 2262 958 2337 majestas

193 2404 195 2409 ¹
213 2371 216 2385 ·
272 2338 406 2412 Excelsa,
421 2340 475 2416 qui
488 2346 586 2398 creata
599 2340 699 2398 omnia
707 2360 761 2418 per
773 2340 891 2400 diutina
903 2342 979 2418 regis
992 2341 1084 2400 areola

271 2419 396 2478 Maneat
408 2420 562 2479 benedicta
574 2440 608 2479 ao
617 2441 732 2498 semper
744 2421 901 2480 ineffabilis
914 2423 1011 2481 virtus
1023 2428 1084 2482 tua.

271 2498 314 2557 Et
327 2500 434 2558 leniter
446 2500 579 2559 lambens
592 2501 661 2560 fidei
674 2503 799 2579 vestigia
812 2509 935 2576 sacrata,

271 2579 474 2639 Lacrimarum
487 2581 561 2640 hisis
574 2582 709 2658 precibus
719 2582 903 2642 clementiam
916 2603 1015 2647 exors.

274 2661 341 2733 Quo
354 2662 480 2721 crimina
493 2664 642 2742 abstergat
655 2663 782 2722 clemens
794 2669 855 2722 tua

630 2837 770 2916 axin.

374 2963 469 3023 Proca
482 2965 523 3022 ad
536 2963 691 3040 Sequentia
705 2965 810 3025 Bucca

371 3053 517 3133 Alleluya

307 3133 359 3194 An
379 3153 418 3194 ra
436 3153 578 3196 runcnna
597 3154 741 3197 cruam
758 3138 934 3216 hymnisona

308 3213 439 3274 vinnula
451 3237 519 3275 oum
532 3217 626 3292 gloria

307 3293 454 3369 Ecclesia,
469 3297 495 3356 0
510 3296 628 3356 (lhriste
641 3297 782 3370 Trinitas,

306 3373 471 3434 Dulcibiles
484 3378 526 3435 sic
539 3397 624 3437 voces
637 3379 786 3438 emittant.

304 3454 420 3515 Nostra
432 3457 632 3518 modulamina
644 3459 780 3536 placeant
793 3467 913 3539 accepta

306 3534 385 3610 Tibi,
396 3557 450 3595 rex
463 3538 523 3615 pie,
534 3544 675 3616 tympana
687 3559 776 3617 quem
788 3541 913 3600 laudant
925 3562 1058 3620 superna,

307 3615 385 3675 (lum
398 3617 547 3676 Cherubin
562 3619 773 3698 Seraphimque
786 3623 893 3699 gaudia
905 3643 1030 3698 canora3

304 3696 347 3756 Et
359 3697 436 3758 dona
449 3718 503 3757 nos
516 3700 667 3761 modulare
680 3702 779 3761 oaelica
791 3703 824 3761 in
837 3703 906 3762 aula
918 3703 1016 3764 Amen
1024 3708 1081 3784 ‘per
1094 3706 1186 3799 saecla

645 3886 763 3946 LXIV.

410 3963 505 4023 Proeu
517 3965 560 4024 ool
569 3965 727 4043 Sequentia
739 3969 834 4046 Vaga

407 4054 558 4134 Alleluya.

343 4135 445 4197 ΔΜ
464 4154 563 4197 crrsn
581 4157 643 4199 nux
662 4157 776 4213 sunus,

344 4215 502 4275 Celebrant
514 4238 643 4296 superna
653 4221 775 4299 pulchre
786 4241 876 4300 quam
888 4223 1014 4302 agmina,

343 4295 452 4356 Omnia
464 4299 610 4358 resultant
622 4302 703 4360 orbis
714 4309 746 4361 et
757 4302 879 4362 climata
892 4324 901 4362 r

336 4375 434 4449 ‚Sacra
445 4385 517 4455 vota
528 4399 594 4458 qua
607 4381 702 4441 defert
715 4389 768 4443 tua
780 4390 897 4443 caterva
910 4384 1022 4468 inclyta

345 4455 448 4518 Gloria
460 4479 513 4537 pro
526 4467 580 4521 tua
592 4482 663 4523 aure
675 4463 797 4524 intende
812 4463 934 4543 placida.
977 4546 979 4550 Α
