2946 5002
134 287 198 355 206
522 281 709 369 Sequentia
734 283 944 349 Communes.

194 448 236 510 Ia
259 451 356 510 natali
390 450 592 528 plurimorum
619 450 769 526 oirqinum
795 459 822 508 et
845 450 939 507 esaias
961 457 1110 508 neutrorum
1172 448 1341 527 Sequentia.

133 530 245 591 Mundi
258 539 353 606 aetate,
368 542 402 590 at
415 553 508 609 supra
520 531 638 607 infesto
647 530 851 608 plurimorum
864 529 1066 604 confessorum.

192 635 234 697 Ia
263 638 532 697 commmemoratione
562 637 650 696 bootae
683 636 793 694 Murice
822 655 878 713 per
910 635 1069 694 moratium
1104 635 1245 695 dicontur
1279 637 1345 697 ista

135 717 296 795 Sequentia
309 719 479 779 clamentiae
492 743 502 778 :

483 799 594 857 Missus
608 797 729 856 Gabriel
745 798 781 855 de
798 797 886 872 caelis,

523 879 619 938 Verbi
632 879 749 955 bajulus
763 879 866 951 fidelis,

523 960 621 1019 Sacris
631 959 750 1017 disserit
763 959 888 1036 loquelis

564 1041 640 1100 Cum
656 1041 743 1098 beata
757 1040 901 1115 Virgine3

482 1123 618 1181 Verbum
632 1123 743 1178 bonum
757 1127 788 1178 et
801 1140 890 1178 suave

523 1202 635 1261 Pandit
648 1202 729 1259 intus
742 1202 775 1258 in
789 1201 935 1273 conclave,

522 1283 564 1342 Et
577 1303 616 1340 ex
629 1282 696 1339 Eva
708 1282 818 1339 format
831 1301 894 1353 ave,

563 1363 635 1420 Evae
648 1382 734 1420 verso
746 1362 873 1420 nomine.

483 1444 704 1520 consequenter
719 1443 811 1519 juxta
823 1448 944 1520 pactum

520 1525 618 1583 Adest
628 1525 765 1582 Verbum
778 1543 846 1581 caro
859 1523 971 1582 factum
982 1542 991 1596 3

520 1605 642 1681 Semper
651 1611 750 1663 tamen
760 1610 805 1662 est
818 1605 966 1662 intactum

561 1686 697 1744 Puellsre
710 1686 863 1762 gremium.

479 1766 601 1825 Patrem
610 1767 727 1845 pariens
740 1766 865 1843 ignorat,

519 1848 568 1920 Et,
584 1869 673 1926 quam
687 1847 773 1905 homo
788 1867 848 1905 non
862 1847 994 1920 deflorat,

520 1929 592 1987 Non
605 1935 770 2006 torquetur,
786 1947 840 1985 nec
853 1927 977 2001 laborat,

560 2011 686 2080 Quando
696 2010 777 2086 parit
791 2009 910 2068 Filium.

479 2090 604 2167 Signum
614 2091 699 2148 audis
713 2090 877 2162 novitatis3

519 2171 614 2230 Crede
628 2171 731 2243 solum,
748 2177 779 2228 et
792 2176 837 2228 est
851 2170 945 2243 satim

417 2280 418 2285 ¹
519 2251 590 2310 Non
606 2258 651 2310 est
664 2259 724 2309 tuae
738 2251 890 2309 facultatis

560 2332 681 2391 Solvere
694 2332 856 2408 corrigiam.

479 2412 598 2472 Grande
612 2414 728 2490 signum
742 2419 772 2471 et
785 2413 900 2490 insigne

519 2495 575 2552 Est
585 2495 618 2551 in
630 2496 706 2552 rubo
719 2503 750 2552 et
767 2494 800 2551 in
813 2494 900 2570 igne3

518 2576 567 2633 Ne
581 2576 734 2653 appropiet
747 2575 867 2652 indigne
891 2649 893 2653 ,

560 2656 714 2715 Calceatus
735 2656 889 2733 quispiam.

478 2737 574 2813 Virga
584 2738 659 2794 sicca
672 2737 735 2794 sine
749 2756 822 2808 rore,

519 2817 607 2875 Novo
621 2816 692 2889 ritu,
707 2837 785 2874 novo
799 2835 888 2887 more,

519 2897 664 2955 Fructum
677 2897 804 2974 protulit
818 2915 885 2954 oum
898 2895 984 2972 flore;

559 2978 608 3036 Sic
622 2985 653 3036 et
667 2978 751 3054 virgo
762 2976 883 3055 peperit.

478 3059 656 3118 Benedictus
669 3058 738 3116 talis
749 3058 870 3130 fructus,

518 3141 647 3199 Fructus
660 3139 770 3218 gaudii,
784 3158 844 3197 non
857 3140 974 3213 luctus;

518 3222 590 3280 Non
603 3222 661 3279 erit
675 3221 775 3278 Adam
789 3220 929 3280 seductus

558 3304 592 3362 Si
605 3303 641 3361 de
654 3302 709 3360 hoc
726 3301 898 3378 gustaverit.

476 3383 500 3442 J
501 3404 567 3442 esus
580 3390 689 3454 noster,
703 3384 793 3442 Jesus
806 3384 910 3456 bonus,

518 3465 581 3522 Piae
591 3465 695 3523 matris
709 3466 792 3541 pium
806 3483 888 3537 onus,

518 3545 611 3620 Cujus
625 3551 670 3602 est
682 3546 715 3602 in
729 3545 799 3602 caelo
808 3544 942 3618 thronus,

558 3625 700 3683 Nascitur
713 3625 746 3682 in
760 3625 896 3683 stabulo:

436 3727 443 3744 ·
478 3706 539 3776 Qui
551 3706 593 3764 sic
607 3712 653 3763 est
666 3725 719 3781 pro
732 3705 818 3763 nobis
831 3710 928 3778 natue,

517 3786 646 3863 Nostros
659 3787 756 3844 deleat
769 3791 878 3858 reatus,

519 3867 597 3939 Quis
609 3875 710 3925 noster
723 3866 869 3924 incolatus

558 3948 620 4007 Hic
632 3953 678 4006 est
690 3947 723 4005 in
736 3943 874 4025 periculo.

188 4028 260 4091 Alia
272 4028 435 4110 Samaria.

480 4111 582 4172 Mittit
595 4110 633 4168 ad
646 4108 794 4186 virginem

520 4193 592 4252 Non
606 4191 739 4268 quamvls
751 4189 898 4266 angelum,

520 4274 577 4333 Sed
590 4271 798 4331 fortitudinem

520 4356 621 4427 Suam,
635 4351 853 4430 archangelum,

559 4437 689 4494 Amator
701 4433 836 4494 hominis
