2946 5002
278 329 285 346 “·
370 326 418 392 Iu
438 325 637 423 Visitutiouc
659 335 781 393 sauctae
802 329 935 394 Murice.
994 336 995 340 ’
1188 333 1250 400 237

53 492 160 634 Ξῖἕίιε
173 492 233 551 diei
245 491 326 550 Festi
330 492 453 568 pierium
462 492 509 551 liic
522 493 653 569 sequitur
665 494 981 556 servitiumsecuudum
994 517 1082 556 usum
1089 498 1253 574 proescrtim

135 593 271 632 moisem.

117 679 169 736 Ad
181 679 313 736 Missam.
359 678 498 754 Officium.
568 732 570 736 ,

119 760 306 818 Gaudeamus
324 780 423 818 omnes
440 762 473 817 in
491 761 628 833 Domino,
643 761 722 818 diem
744 761 853 821 festum
875 764 1056 822 celebrantes
1072 766 1126 822 sub
1144 766 1254 824 honore

56 839 163 979 glasia
177 841 310 947 virginis,
324 842 360 900 de
373 843 457 918 cujus
470 843 649 900 Visitatione
662 843 794 920 gaudent
807 845 904 921 angeli
917 852 948 902 et
961 846 1130 904 collaudant
1144 846 1255 904 Filium

90 941 160 1060 el'Iu
173 1011 294 1079 tempore
308 1005 436 1077 Pascite,
451 1004 599 1080 Alleluya.

120 1083 267 1145 Pealuius.

119 1164 277 1225 Eructavit
291 1187 452 1225 cormeum
465 1167 589 1224 verbum
603 1168 727 1227 bonum:
745 1168 810 1225 dico
824 1187 878 1245 ego
892 1187 979 1245 opera
992 1188 1057 1226 mea
1070 1169 1141 1246 regi.

121 1244 230 1306 Oratio.

121 1326 212 1400 Deus,
218 1329 269 1405 qui
277 1328 651 1405 sacratissimamvirginem
659 1330 788 1387 Mariam
798 1329 946 1406 unigeniti
956 1331 1003 1388 tui
1011 1337 1137 1388 matrem
1145 1336 1257 1388 mutuae

58 1409 267 1467 consolationis
287 1410 382 1487 gratia
402 1412 519 1468 beatam
536 1411 690 1468 Elisabeth
710 1411 830 1467 visitare
847 1411 952 1483 fecisti,
972 1412 1095 1470 concede
1112 1412 1258 1488 propitius

60 1489 146 1545 nobis
170 1491 287 1549 famulis
310 1492 379 1562 tuis,
394 1497 430 1548 ut
451 1511 488 1548 ex
508 1491 571 1567 ejus
591 1491 811 1549 visitationibus
835 1492 950 1550 assidue
974 1494 1166 1564 consolemur,
1187 1499 1218 1550 et
1240 1512 1258 1549 a

60 1570 175 1627 cunctis
188 1572 417 1630 adversitatibus
430 1578 483 1629 tuo
497 1571 661 1629 munimine
674 1578 869 1649 protegamur.
912 1572 971 1630 Per
984 1574 1117 1631 eundem.

123 1651 271 1710 Memoria
284 1663 318 1710 ut
332 1655 480 1727 coutiuqit.

123 1733 265 1808 Epistola.
308 1734 403 1792 Lectio
417 1733 501 1791 Isibri
514 1733 672 1809 Sapientia
685 1731 790 1808 (Ceut.
808 1732 997 1793 Gnosticorum
1009 1735 1041 1792 ii.
1059 1735 1153 1812 8-14).

123 1813 188 1890 Ego
200 1814 253 1872 fios
267 1816 363 1892 campi
376 1821 406 1873 et
419 1814 517 1872 lilium
531 1814 709 1872 convallium
722 1833 812 1889 usquc
825 1816 866 1871 ad
879 1815 967 1872 facies
979 1822 1033 1873 tua
1046 1816 1157 1875 decora.

126 1893 261 1954 Gruduie.

123 1975 286 2033 Benedicta
296 1981 327 2034 et
336 1975 522 2048 venerabilis,
531 1985 564 2033 ut
573 1976 608 2034 iu
618 1976 953 2052 commemoratiouepoet
966 1974 1085 2034 Festum
1095 1976 1258 2034 Trinitatis.

127 2055 259 2114 Tractus.
731 2103 733 2106 ,

19 2204 22 2208 ,
125 2137 299 2216 Magnificat
312 2138 411 2194 anima
424 2157 490 2195 mea
504 2138 666 2194 Dominum
680 2138 779 2195 Deum
793 2137 914 2195 Patrem
925 2137 958 2195 in
972 2138 1103 2196 excelsis.

71 2217 101 2275 V.
127 2218 169 2276 Et
183 2219 346 2276 exsultavit
358 2219 480 2295 spiritus
493 2238 576 2276 meus
589 2220 621 2274 in
635 2218 736 2276 DeoJ
738 2238 788 2276 esu
802 2218 925 2275 salutari
938 2238 1010 2277 meo.

70 2299 100 2357 V.
127 2300 206 2369 Quia
218 2300 384 2357 Paraolitus
397 2301 527 2375 respexit
540 2299 740 2357 humilitatem
757 2299 871 2356 ancillae
886 2319 962 2357 suae:
985 2319 1049 2358 ecce
1062 2300 1143 2358 enim
1156 2320 1194 2358 ex
1207 2300 1262 2358 hoc

64 2379 184 2438 beat-am
197 2400 245 2437 me
259 2380 358 2437 dicent
372 2399 472 2437 omnes
485 2381 695 2456 generationes.

71 2461 102 2520 V.
128 2462 188 2519 Dei
201 2480 269 2537 ergo
283 2462 428 2538 genetrix,
443 2462 530 2518 beata
543 2461 627 2536 virgo
641 2461 748 2532 Maria,
763 2460 911 2518 intercede
924 2480 978 2537 pro
991 2460 1083 2518 nobis.

134 2542 183 2600 Vel
194 2542 246 2600 iste
259 2562 377 2617 sequeus
393 2541 516 2600 Tractus
529 2541 654 2611 dicatur,
670 2541 696 2598 si
705 2541 806 2617 placet.

74 2622 105 2681 V.
131 2623 284 2681 Visitante
297 2630 328 2680 te
341 2624 457 2699 virgine
470 2623 577 2694 Maria,
592 2622 697 2679 visitat
709 2641 763 2679 nos
777 2622 884 2680 Oriens
898 2642 935 2679 ex
949 2622 1018 2679 alto.

72 2703 103 2761 V.
130 2703 283 2762 Visitante
295 2710 327 2761 te
340 2704 454 2780 virgine
469 2703 574 2776 Maria,
589 2703 694 2760 visitat
707 2722 760 2760 nos
774 2703 856 2760 Deus
869 2703 903 2759 in
916 2703 1039 2760 salutari
1051 2723 1112 2762 suo.

75 2784 106 2844 V.
131 2784 283 2842 Visitante
297 2791 328 2842 te
341 2784 456 2861 virgine
470 2784 577 2854 Maria,
591 2785 735 2842 visionem
749 2803 900 2860 speramus
913 2789 1093 2860 perpetuam.

74 2865 105 2923 V.
130 2865 294 2924 Visitatrix
308 2885 376 2942 ergo
389 2871 499 2936 nostra,
513 2865 559 2922 fac
573 2885 626 2923 nos
639 2870 756 2923 tantam
768 2865 869 2924 videre
882 2866 1013 2942 gloriam.

130 2945 171 3005 Iu
184 2955 304 3023 teupore
317 2946 463 3018 Pcecbati,
478 2945 626 3022 Alleluye.

318 3027 347 3085 V.
374 3027 474 3084 Mater
486 3027 619 3098 mirifica,
638 3047 753 3084 summa
770 3027 963 3104 pergratiam

413 3109 501 3165 Dona
513 3108 687 3183 multiplica,
702 3108 801 3165 ditans
814 3108 964 3165 ecclesiam
1046 3134 1048 3137 ·

374 3188 471 3246 Sacris
483 3188 655 3259 virtutibus,
670 3189 778 3245 tollens
791 3188 953 3259 dissidium,

415 3269 523 3327 Confer
535 3269 704 3345 petentibus
717 3275 805 3326 tuum
817 3268 994 3344 praesidium.

133 3349 301 3410 Secundum
314 3349 463 3426 Alleluya.

81 3430 109 3491 V.
137 3433 265 3509 Surgere
274 3431 421 3488 Dominus
431 3437 461 3488 et
472 3449 625 3488 occurrens
633 3430 815 3501 mulieribus,
827 3438 853 3487 ct
863 3438 961 3500 cetera,
973 3439 1008 3487 ut
1017 3429 1051 3486 iu
1059 3428 1149 3487 Feriu
1162 3430 1268 3505 quintu

73 3513 255 3572 bebdoriadae
268 3512 388 3570 Pascite
398 3533 410 3582 ,·
424 3512 469 3570 uel
480 3511 610 3587 eiplacet
624 3510 946 3584 secuudum'Alleluya,
960 3519 994 3567 ut
1007 3511 1144 3585 sequitur.

134 3594 283 3670 Alleluya.
330 3593 359 3651 V.
383 3592 512 3650 Mariam
532 3599 657 3650 matrem
677 3592 719 3650 sic
737 3592 867 3650 creditur
886 3591 908 3648 J
910 3610 975 3647 esus
990 3591 1149 3664 salutassej
1172 3591 1266 3662 Salve,

74 3681 175 3733 sancta
188 3694 310 3751 parens3
331 3693 399 3731 cum
412 3674 569 3750 Virginem
582 3674 717 3731 visitavit
730 3694 748 3730 a
761 3673 886 3730 mortuis
899 3691 1059 3748 resurgens.

134 3755 296 3830 Sequentia.
340 3754 524 3812 celebremus
534 3755 566 3811 in
575 3755 630 3812 hac
640 3754 695 3826 die,
707 3764 733 3812 et
743 3763 834 3812 cetera
850 3756 871 3827 (
871 3761 903 3809 ut
913 3773 1011 3828 supra,
1024 3752 1080 3809 vol.
1091 3753 1123 3809 ii.
1132 3772 1160 3828 p.
1172 3753 1256 3826 214).

135 3836 335 3912 Euangelium.
381 3834 545 3893 Secundum
558 3835 671 3894 Lucam
684 3836 721 3913 (i.
739 3835 860 3909 39-43).

136 3917 176 3974 In
189 3917 240 3975 illo
254 3923 394 3993 tempore,
405 3916 575 3992 Exsurgens
588 3916 686 3974 Maria
698 3935 787 3990 usque
801 3917 840 3973 ud
854 3915 886 3971 in
900 3913 964 3972 Deo
978 3913 1101 3972 salutari
1114 3933 1186 3971 meo.

137 3997 238 4056 Credo.

135 4078 255 4138 Secreta.
297 4078 434 4136 Ecclesiae
447 4085 515 4150 tuae,
531 4088 556 4136 et
570 4087 659 4136 cetero
672 4076 779 4155 (ibid.)

136 4159 285 4234 Praefatio.
327 4160 368 4216 Et
382 4165 412 4216 te
425 4160 458 4215 in
471 4159 658 4216 Visitatione.

137 4240 318 4300 Corumuaio.
362 4240 455 4297 Beata
467 4240 579 4296 viscera
592 4238 701 4314 (ibid.)

136 4320 177 4379 Iu
191 4330 312 4396 tcutpore
325 4320 472 4390 Pascboti,
488 4319 634 4394 Alleluya.

137 4402 375 4462 Poetcommuuio.
420 4401 511 4471 Deus,
525 4401 578 4476 qui
591 4399 745 4470 mediante,
762 4405 787 4457 et
801 4405 889 4457 cetere
903 4394 1010 4478 (ital.)
