2946 5002
391 284 422 310 ἡ.

566 354 664 418 Festo
685 353 818 418 Marmei.
1255 355 1297 424 27

155 521 357 597 Emuqelium.
394 521 469 578 Ecce
483 541 536 579 nos
550 520 732 596 reliquimus,
745 541 839 595 quoere
847 521 881 578 e'u
891 520 1082 580 Conuersione
1090 522 1186 580 soucte'
1196 521 1296 580 Pauli.

158 601 351 676 offertor-ium.
395 602 518 659 Veritas
533 621 605 659 mee.

156 683 338 742 Omumum‘o.
381 682 491 756 Amen,
506 683 571 741 dico
585 683 677 741 vobis.

198 896 237 953 Iu
251 913 345 956 rnsro
358 898 631 957 Auuurrmrrours
646 915 753 956 suern
767 900 892 958 Momm
930 898 1003 979 (viii.
1021 901 1090 959 Kal.
1106 901 1195 978 Apr.)

153 1037 356 1177 Dddrldihemcaeli
374 1119 507 1196 desuper,
533 1127 564 1177 et
586 1122 679 1179 nubes
700 1121 806 1198 pluant
825 1123 961 1196 justum:
990 1123 1142 1198 aperietur
1164 1129 1244 1180 terra
1266 1128 1297 1180 et

90 1199 240 1276 germinet
254 1200 437 1259 salvotorem.

152 1292 300 1350 Poolmue.
343 1293 386 1350 Et
395 1294 515 1369 justitia
528 1295 641 1352 orietur
654 1295 759 1352 simul:
780 1295 844 1371 Ego
859 1295 1005 1352 Dominus
1019 1295 1117 1353 creavi
1130 1314 1205 1352 eum.

155 1384 266 1444 Oratio.

151 1466 244 1539 Deus,
267 1467 320 1542 qui
347 1467 383 1524 de
410 1468 502 1524 beatae
531 1468 636 1525 Meriae
663 1468 788 1545 virginis
814 1475 899 1526 utero
926 1468 1063 1526 Verbum
1082 1474 1170 1525 tuum
1191 1469 1295 1546 angelo
1349 1527 1353 1536 ,
1384 1485 1385 1488 ’

89 1547 252 1605 nuntiante
272 1567 391 1606 carnem
411 1549 556 1625 suscipere
576 1549 699 1607 voluisti
711 1570 719 1621 3
747 1556 854 1626 praesta
876 1549 1057 1626 supplicibus
1084 1551 1154 1620 tuis,
1182 1556 1217 1606 ut
1245 1550 1297 1626 qui

89 1647 160 1685 vere
173 1647 239 1686 eam
252 1631 431 1704 genetricem
441 1630 500 1687 Dei
518 1630 672 1701 credimus,
688 1632 750 1707 ejus
768 1631 848 1707 apud
865 1638 895 1688 te
912 1631 1171 1689 intercessionibus
1191 1631 1294 1707 adjuv-

90 1728 183 1766 emur.
228 1709 288 1766 Per
301 1711 434 1768 eundem.

151 1789 295 1865 Epistola.
347 1791 478 1848 Locutus
499 1797 544 1848 est
569 1792 716 1849 Dominus
735 1792 773 1849 ad
794 1792 902 1864 Aehaz,
933 1793 1046 1867 require
1072 1793 1163 1850 Feric
1187 1801 1296 1867 quartu

84 1880 154 1946 post
167 1871 359 1929 Domim'eem
372 1873 417 1930 e'e’i.
435 1872 592 1930 Adventus.

153 1963 289 2021 Grodule.

153 2044 213 2114 Qui
237 2045 320 2102 sedes
333 2047 461 2104 Domine
475 2066 563 2122 super
577 2046 746 2104 Cherubin:
767 2046 865 2104 excita
884 2046 1048 2122 potentiam
1065 2052 1157 2119 tuam,
1173 2053 1204 2103 et
1217 2045 1293 2104 veni.

96 2125 126 2184 V.
154 2125 214 2194 Qui
227 2126 305 2202 regis
319 2126 414 2184 Israel
427 2127 548 2184 intende
559 2147 568 2200 5
596 2128 648 2205 qui
661 2128 781 2185 deducis
795 2127 879 2184 velut
893 2146 977 2184 ovem
991 2126 1112 2203 Joseph.

154 2207 288 2264 Tractus.

152 2288 221 2344 Ave
236 2287 343 2360 Meris,
358 2290 455 2364 gratia
468 2289 573 2365 plena:
595 2290 741 2346 Dominus
755 2296 862 2346 tecum.

96 2368 126 2426 V.
154 2368 248 2425 Beata
262 2375 296 2425 tu
310 2370 343 2426 in
356 2370 547 2428 mulieribus:
568 2375 599 2428 et
612 2370 783 2428 benedictus
796 2371 911 2427 fructus
924 2369 1037 2427 ventris
1051 2370 1105 2426 tui.
1145 2409 1147 2413 «

96 2450 127 2507 V.
154 2449 317 2522 Quomodo,
343 2449 450 2526 inquit,
477 2451 529 2508 fiet
552 2451 653 2509 istud:
690 2451 831 2527 quoniam
854 2452 952 2508 virum
976 2470 1037 2508 non
1064 2470 1227 2526 cognosco:
1264 2457 1295 2508 et

89 2530 269 2607 respondens
290 2531 410 2608 angelus
431 2532 517 2590 dixit.
787 2600 788 2605 ἵ
969 2534 971 2538 ’

96 2611 127 2669 V.
154 2611 284 2687 Spiritus
302 2612 427 2671 Sanctus
448 2613 635 2690 superveniet
653 2614 685 2669 in
703 2618 753 2669 te:
781 2619 811 2670 et
831 2612 927 2669 virtus
947 2611 1085 2669 altissimi
1105 2613 1296 2670 obumbrabit

89 2693 155 2750 tibi.

96 2774 125 2831 V.
152 2772 284 2849 Ideoque
297 2774 375 2850 quod
389 2779 525 2832 nascetur
538 2794 577 2832 ex
590 2780 620 2831 te
635 2781 789 2832 sanctum:
811 2774 966 2831 vocabitur
979 2773 1075 2830 Filius
1089 2775 1155 2832 Dei.

149 2866 205 2925 *Si
228 2886 292 2924 vero
316 2868 398 2924 istud
424 2867 545 2925 Festum
572 2868 707 2926 celebrari
733 2867 831 2926 debeat
858 2877 980 2943 tempore
1007 2868 1155 2940 Poselmle‘,
1179 2868 1297 2927 dicotur

83 2948 222 3032 primum
235 2946 383 3023 Alleluye.
424 2948 451 3005 V.
474 2948 543 3006 Ave
557 2948 664 3021 Maria,
679 2949 774 3025 gratia
788 2949 892 3025 plene:
914 2947 1060 3006 Dominus
1073 2955 1190 3008 tecum:
1211 2951 1297 3009 bene·

90 3029 170 3086 dicta
183 3033 220 3085 tu
233 3029 267 3085 in
284 3029 462 3087 mulieribus.

149 3108 320 3168 Secundum
332 3109 481 3186 Alleluye.
522 3110 550 3167 V.
574 3110 711 3168 Surrexit
732 3111 887 3182 Dominus,
904 3117 935 3167 et
953 3129 1107 3168 occurrens
1121 3111 1295 3170 mulieribus

88 3190 142 3264 ait,
155 3192 257 3250 Arete
270 3213 276 3248 ε
296 3196 370 3248 tunc
383 3197 576 3263 accesserunt,
592 3198 622 3248 et
635 3197 798 3249 tenuerunt
811 3192 898 3268 pedes
912 3193 983 3267 ejus

148 3271 314 3347 Sequentia.
350 3272 471 3349 Virgini
494 3272 608 3345 Murice,
631 3283 666 3330 ut
679 3273 714 3330 e'u
728 3271 887 3331 Communi
900 3273 987 3330 hector
1001 3273 1110 3330 Murice
1123 3273 1158 3330 e'u
1172 3281 1295 3349 tempore

90 3353 238 3411 Poseleole'.

150 3433 354 3572 googeqele'um.
397 3433 509 3491 Missus
523 3440 567 3491 est
582 3434 702 3492 Gabriel
719 3434 848 3510 angelus.

176 3535 208 3572 re
229 3535 254 3575 o.

151 3607 346 3682 offertorium.

150 3691 219 3746 Ave
253 3689 360 3760 Murio,
388 3690 484 3766 gratia
514 3691 622 3766 plene:
662 3691 809 3747 Dominus
842 3695 964 3747 tecum:
1003 3688 1158 3746 benedicte
1191 3694 1227 3744 tu
1260 3687 1294 3746 in

90 3769 272 3841 mulieribus,
297 3774 328 3827 et
349 3770 520 3828 benedictus
541 3771 655 3828 fructus
676 3771 789 3828 ventris
810 3771 864 3826 tui.

151 3858 205 3940 [Iu
218 3869 342 3937 tempore
355 3861 495 3919 Poeelmle'
508 3881 574 3920 cum
587 3861 867 3939 uillelmo—MSS.
885 3862 920 3935 B,
937 3863 968 3935 O,
984 3863 1043 3920 and
1057 3861 1110 3943 D.]

148 3954 271 4013 Secreto.

149 4035 188 4092 In
215 4036 365 4093 mentibus
393 4036 511 4108 nostris,
537 4055 713 4112 queesumus,
743 4037 880 4109 Domine,
905 4057 982 4094 verae
1013 4037 1081 4093 fidei
1113 4041 1294 4094 sacramente

91 4115 237 4188 confirmo,
267 4125 303 4174 ut
336 4116 389 4192 qui
416 4123 589 4193 conceptum
615 4118 652 4174 de
678 4119 793 4195 virgine
820 4118 919 4175 Deum
952 4137 1055 4174 verum
1082 4124 1113 4175 et
1142 4118 1293 4175 hominem

91 4196 270 4269 confitemur,
294 4217 347 4273 per
368 4199 432 4273 ejus
454 4198 612 4255 salutiferae
635 4198 869 4255 Resurrectionis
896 4199 1059 4275 potentiam
1086 4200 1125 4257 ad
1152 4205 1293 4257 aeternom

91 4297 253 4336 mereamur
266 4280 421 4355 pervenire
435 4279 579 4336 laetiticm.
623 4280 683 4349 Qui
696 4285 795 4336 tecum
807 4280 892 4336 vivit.

149 4370 300 4438 Profecto.
343 4372 384 4428 Et
397 4377 428 4430 te
441 4373 475 4429 in
488 4372 738 4430 Annuntiotione.

582 4500 595 4526 ⁴*
611 4497 746 4543 Onu-MS.
759 4497 789 4542 D.
