2946 5002
386 365 435 429 Ia
446 316 572 432 ¹Natali
588 365 825 452 plurimorum
842 367 1081 453 Ooafeaaoraoa
1268 371 1331 432 153

197 530 319 589 Secreta.
380 572 385 591 .-

198 580 538 688 Propitiare,'Domipe,
562 632 736 689 quaesumus,
759 615 1024 691 supplicationibus
1045 615 1164 687 nostris,
1187 619 1217 672 et
1243 615 1333 672 inter·

139 693 279 751 veniente
292 712 347 769 pro
368 693 454 750 nobis
476 700 577 751 sancto
599 695 639 752 N.
655 695 816 753 confessore
830 702 892 768 tuo,
907 696 952 753 his
966 696 1156 753 sacramentis
1169 695 1332 752 caelestibus

134 773 299 831 servientes
312 775 350 831 ab
364 775 445 831 omni
459 774 544 850 culpa
562 775 669 832 liberos
683 796 744 833 esse
761 777 902 848 concede;
922 784 957 834 ut
978 777 1153 853 purificante
1166 796 1219 833 nos
1233 775 1329 852 gratia

136 861 192 913 tua
204 855 312 912 iisdem
322 855 430 931 quibus
442 854 782 932 famulamur-mysteriis
795 858 995 918 emundemur.
1038 857 1098 915 Per
1111 857 1281 915 Dominum.

200 932 382 994 Communia
425 935 537 993 Beatus
550 956 658 995 servus.

200 1015 381 1076 Gornmaaio.
424 1017 534 1075 Fidelis
548 1037 658 1077 servus.

198 1097 442 1156 Postconamuaio.
647 1092 659 1107 ''
685 1104 688 1113 '

199 1176 248 1236 Ut
261 1178 354 1251 nobis,
369 1179 505 1247 Domine,
521 1185 574 1235 tua
593 1179 735 1236 sacrificia
754 1180 826 1237 dent
839 1180 965 1238 salutem
973 1199 982 1250 ;
1003 1182 1108 1238 beatus
1129 1181 1169 1237 N.
1185 1180 1332 1237 confessor

137 1264 219 1328 tuus,
233 1278 411 1335 quaesumus,
426 1265 560 1336 precator
573 1261 696 1320 accedat.
740 1260 798 1318 Per
812 1261 982 1318 Dominum.

507 1464 546 1520 Iu
563 1463 686 1521 Narem
707 1445 801 1523 nulus
825 1465 971 1523 Asnaus.

202 1572 343 1648 Officium.
387 1574 428 1631 Os
433 1575 518 1649 justi.

201 1653 311 1712 Oratio.

199 1734 377 1793 Intercessio
390 1755 452 1808 nos,
468 1755 642 1812 quaesumus,
658 1736 793 1808 Domine,
809 1737 889 1793 beati
903 1736 942 1794 N.
957 1738 1073 1794 abbatis
1086 1736 1133 1793 tui
1140 1735 1332 1808 commendet,

137 1822 174 1885 ut
187 1817 267 1893 quod
280 1817 389 1874 nostris
408 1817 521 1874 meritis
534 1836 595 1875 non
608 1817 748 1889 valemus,
764 1819 826 1893 ejus
840 1818 1002 1894 patrocinio
1016 1816 1217 1893 assequamur.
1266 1816 1331 1874 Per.

202 1896 322 1956 Secreto.

198 1978 296 2036 Sacris
322 1977 474 2048 altaribus,
499 1978 634 2051 Domine,
663 1978 774 2035 hostias
801 1979 998 2055 superpositas
1022 1986 1141 2036 sanctus
1168 1978 1208 2036 N.
1234 1978 1333 2050 abbas,

140 2079 317 2135 quaesumus
340 2060 373 2115 in
387 2059 512 2115 salutem
526 2060 610 2116 nobis
624 2061 780 2136 provenire
794 2061 936 2136 deposcat.
980 2060 1045 2117 Per.

199 2141 442 2198 Poatcommanio.

201 2220 344 2297 Protegat
356 2241 419 2292 nos,
442 2240 617 2297 quaesumus,
641 2222 777 2293 Domine,
798 2241 866 2278 cum
886 2221 934 2278 tui
954 2221 1140 2298 perceptione
1161 2220 1335 2278 sacramenti

139 2302 242 2360 beatus
256 2301 295 2362 N.
309 2302 399 2358 abbas
413 2322 465 2378 pro
479 2303 564 2359 nobis
577 2303 793 2373 intercedendo
809 2309 844 2359 ut
858 2309 888 2359 et
901 2303 1130 2359 conversationis
1144 2303 1210 2377 ejus
1223 2302 1335 2377 experi-

140 2402 224 2442 amur
236 2383 366 2460 insignia
375 2389 406 2440 et
420 2383 635 2440 intercessionis
648 2383 712 2459 ejus
722 2385 916 2460 percipiamus
926 2384 1072 2459 suffragia.
1094 2384 1153 2440 Per
1163 2383 1333 2440 Dominum.

405 2588 445 2646 Iu
466 2588 588 2646 Narem
609 2606 813 2647 rnumuoauu
836 2589 1067 2648 Oourrssouuu.

204 2709 343 2785 Officium.
386 2711 556 2769 Sacerdotes
570 2711 637 2771 Dei.

204 2790 313 2859 Oratio.
1248 2798 1261 2835 t

203 2872 294 2943 Deus,
310 2873 362 2950 qui
374 2893 428 2931 nos
442 2880 610 2930 sanctorum
623 2873 821 2931 confessorum
836 2880 955 2930 tuorum
965 2872 1000 2929 N
999 2919 1005 2931 .
1019 2880 1048 2930 et
1060 2873 1097 2932 N.
1108 2873 1338 2930 confessionibus

147 2952 277 3028 gloriosis
290 2955 452 3012 circumdas
465 2960 496 3012 et
508 2956 657 3031 protegis3
677 2956 715 3011 da
733 2955 816 3012 nobis
835 2961 866 3011 et
886 2975 988 3012 eorum
1005 2955 1172 3011 imitatione
1189 2954 1337 3030 proficere,

147 3039 175 3090 et
186 3033 395 3092 intercessione
408 3035 540 3111 gaudere.
584 3036 643 3093 Per
656 3035 820 3093 Dominum
833 3042 974 3093 nostrum.

203 3112 253 3171 Ad
266 3115 401 3173 Hebraeos
414 3117 480 3192 (aii.
497 3115 619 3191 23-27)

204 3194 341 3253 Fratres:
362 3197 467 3254 Plures
480 3196 552 3253 facti
565 3204 636 3254 sunt
650 3199 812 3254 sacerdotes
826 3198 986 3254 secundum
1000 3198 1093 3272 legem
1107 3216 1197 3271 usqae
1210 3198 1251 3254 ad
1271 3196 1339 3253 Hoc

150 3275 224 3331 enim
237 3276 307 3335 fecit
321 3278 410 3335 semel
424 3297 454 3336 se
469 3277 616 3335 offerendo
630 3279 777 3336 Dominus
790 3285 891 3335 noster
903 3278 925 3336 J
926 3298 992 3335 esus
1007 3279 1149 3336 Christus.

204 3356 344 3432 Epistodr.
387 3358 433 3415 Hi
455 3364 527 3416 sunt
549 3360 609 3415 viri
632 3359 845 3431 misericordiae,
868 3379 962 3434 qucere
982 3359 1016 3416 in
1037 3360 1120 3418 Nesto
1138 3358 1338 3433 plurimorum

152 3446 318 3512 martyram.

203 3518 298 3577 Lectio
313 3519 381 3578 libri
393 3519 549 3596 Sapientiae
563 3520 691 3598 (Ecolua.
710 3521 740 3578 a‘i.
759 3520 873 3595 18-21)
967 3532 981 3553 ²¹

154 3677 192 3735 ‚Hi
207 3599 266 3669 Qui
289 3601 398 3658 timent
422 3603 529 3674 Deum,
552 3621 613 3658 non
637 3608 726 3659 erunt
747 3602 933 3660 incredibiles
955 3623 1044 3676 aaqace
1066 3601 1107 3659 ad
1128 3600 1339 3675 inspectionem

152 3696 160 3732 1
191 3699 233 3737 us.

207 3760 340 3821 Gradala
383 3762 553 3822 Sacerdotes
566 3765 638 3840 ejus.

205 3843 354 3919 Alleluya.
403 3844 432 3904 V.
456 3845 597 3920 Disposui
610 3852 829 3903 testamentum.

206 3923 354 4001 Alleluya
402 3925 430 3984 V.
454 3925 623 4002 Fulgebunt
637 3927 721 4002 justi.

205 4002 368 4079 Sequentia.
410 4006 519 4063 Mundi
533 4013 627 4077 aetate,
642 4016 676 4064 at
690 4008 724 4063 ia
739 4006 902 4066 Cocceiani.

206 4083 374 4144 Secundam
386 4087 499 4145 Maura
512 4087 580 4161 (aii.
598 4088 713 4165 35-40).

207 4165 246 4222 In
258 4167 311 4224 illo
324 4173 465 4244 tempore,
481 4169 569 4226 Dixit
586 4169 674 4226 Jesus
692 4168 843 4244 discipulis
861 4167 941 4238 suis;
963 4167 1030 4223 Sint
1048 4166 1143 4222 lumbi
1155 4165 1248 4222 vestri
1268 4185 1339 4241 prae-

153 4247 235 4305 cincti
247 4267 338 4323 usqae
351 4251 391 4306 ad
405 4250 475 4325 quia
488 4269 546 4325 qua
559 4250 632 4306 hora
644 4269 705 4306 non
719 4251 841 4325 putatis,
856 4248 951 4305 Filius
966 4247 1105 4304 Hominis
1119 4246 1226 4303 veniet.

208 4326 374 4394 Secundam
387 4330 562 4387 Mattbaeara
576 4331 617 4406 (o.
636 4329 749 4407 14-16)

207 4408 245 4465 In
257 4410 310 4467 illo
324 4416 463 4486 tempore,
478 4411 567 4468 Dixit
579 4411 601 4468 J
602 4430 668 4468 esus
682 4410 833 4487 discipulis
846 4409 925 4481 suis3
945 4407 1010 4466 Vos
1025 4408 1096 4465 estis
1116 4409 1169 4466 lux
1190 4428 1279 4483 usqae
1300 4409 1341 4465 ad

154 4490 203 4565 qui
214 4489 246 4547 in
259 4490 338 4550 caelis
350 4498 403 4549 est.
