2946 5002
585 322 681 387 Festa
702 322 886 389 Januarti.

179 590 181 598 ι
241 554 915 627 SanornParso.n,vma1n1ssaniarium.
960 557 1021 637 (xv.
1039 559 1110 619 Kal.
1127 560 1211 637 Feb.)

196 688 336 763 Officium.
381 690 537 766 Loqucbar
550 692 586 749 de
601 693 787 749 testimoniis.

196 769 305 828 Oratio.

194 851 250 922 Da,
271 871 446 927 quaesumus
465 853 651 928 omnipotens
673 854 764 924 Deua,
785 861 819 910 ut
841 855 894 929 qui
914 855 1007 912 beatae
1029 855 1137 912 Priscae
1159 854 1284 932 virginis
1303 861 1330 912 et

133 933 272 1008 martyris
287 944 346 989 tuae
360 933 496 990 natalitia
510 935 641 1006 colimus,
657 941 688 991 et
705 955 805 992 annua
824 935 1021 993 sollemnitate
1039 936 1185 1008 laetemur,
1200 942 1231 993 et
1245 942 1332 994 tanta

133 1013 203 1070 fidei
216 1013 402 1088 proficiamus
417 1015 558 1090 exemplo.
602 1015 669 1072 Per.

195 1094 335 1168 Epistola.
380 1094 507 1152 Domine
522 1095 604 1153 Deus
618 1116 708 1153 meus

197 1175 331 1232 (rraclale.
373 1175 475 1250 Specie
489 1183 549 1232 tua.

194 1254 343 1330 Alleluya.
393 1256 421 1312 V.
445 1256 592 1314 AEmulor.

193 1337 394 1410 Evanqeliurn.
440 1337 542 1394 Simile
556 1344 601 1394 est
614 1357 739 1413 reguum
753 1338 892 1394 caelorum
905 1339 1051 1396 thesauro.

196 1415 389 1489 Qffertoriurn.
433 1417 518 1474 Filiae
538 1421 648 1494 regum.

195 1497 328 1556 Secreta«

195 1578 313 1647 Hostia,
329 1598 504 1654 quaesumus,
522 1580 659 1648 Domine,
683 1599 772 1655 quam
795 1580 827 1636 in
851 1586 1019 1637 sanctorum
1045 1586 1167 1637 tuorum
1191 1581 1335 1638 natalitiis

133 1666 317 1716 recensentes
331 1659 488 1731 offerimus,
504 1666 534 1715 et
547 1661 665 1717 vincula
679 1667 786 1716 nostrae
801 1661 957 1736 pravitatis
971 1661 1113 1732 absolvat,
1128 1668 1159 1719 et
1178 1668 1239 1720 tuae
1253 1663 1336 1720 nobis

134 1740 338 1797 misericordiae
353 1741 430 1797 (lona
443 1741 587 1798 conciliet.
631 1741 690 1798 Per
704 1742 867 1799 Dominum
881 1749 1022 1800 nostrum

196 1821 377 1879 Oomrnunio,
421 1822 491 1879 Feci
501 1822 655 1898 judicium.

195 1903 435 1961 I'ostcommunio.

196 1983 378 2056 Quaesumus‚
391 1984 527 2055 Domine,
540 1985 719 2041 salutaribus
732 1984 837 2060 repleti
846 1984 1027 2054 muneribus,
1039 1990 1075 2041 ut
1085 1986 1170 2060 cujus
1184 1985 1336 2043 sollemnia

133 2064 313 2123 celebramus
327 2067 390 2141 ejus
405 2066 586 2122 orationibus
600 2066 781 2140 adjuvemur.
826 2064 892 2122 Per.

335 2279 447 2336 Sanam
461 2278 647 2349 Gnansmcr,
662 2295 822 2338 nnnrrnrs.
869 2277 941 2355 (xiv.
960 2279 1029 2336 Kal.
1049 2278 1135 2357 Feb.)

198 2407 337 2482 Officium.
382 2408 547 2465 Laetabitur
556 2410 663 2482 justus

197 2489 307 2546 Oratio.
351 2488 473 2558 Praesta,
489 2509 663 2564 quaesumus,
680 2490 714 2546 in
728 2488 891 2548 Ooaaruuui.

195 2569 337 2644 Epistola.
381 2569 528 2626 Dominus
543 2570 618 2626 mihi
631 2571 756 2627 adstitit.

198 2650 331 2708 Gradale.
375 2651 486 2707 Beatus
500 2652 554 2708 vir.

194 2730 342 2806 Alleluya.
392 2731 421 2788 V.
444 2731 466 2788 J
468 2738 553 2788 ustus
566 2738 603 2789 ut
616 2733 722 2807 palma.

196 2812 398 2886 Ir'vanpeliurn.
443 2813 475 2868 Si
489 2813 555 2888 quis
569 2815 652 2870 venit
666 2814 704 2870 ad
718 2833 771 2871 me.

199 2893 392 2966 Qffertoriurn.
436 2893 475 2949 In
489 2893 609 2952 virtute.

198 2973 376 3032 Corranaunio.
422 2973 481 3042 Qui
495 2974 561 3031 vult
576 2975 677 3032 venire
690 2980 757 3050 post
771 2995 825 3032 me.

223 3195 335 3252 Sanam
357 3195 492 3252 Fanrmu
507 3212 545 3252 nr
560 3194 754 3265 Samariam,
770 3210 951 3252 nanrrnun.
990 3191 1066 3271 (xiii.
1083 3193 1152 3252 Kal.
1170 3193 1254 3270 Feb.)

200 3327 338 3402 Qfficirana
383 3328 483 3386 Intret
497 3330 529 3385 in
544 3336 708 3404 conspectu.

200 3409 309 3466 Oratio

178 3490 409 3568 ¹Infirmitatem
436 3497 568 3547 nostram
595 3492 713 3566 respice,
739 3489 925 3566 omnipotens
953 3487 1044 3560 Deus,
1074 3494 1104 3545 et
1126 3488 1196 3564 quia
1223 3488 1339 3563 pondus

137 3571 261 3648 propriae
280 3571 404 3634 actionis
425 3577 536 3646 gravat,
554 3572 635 3628 beati
654 3571 778 3628 Fabiani
795 3571 935 3646 martyris
953 3569 999 3625 tui
1017 3575 1106 3645 atque
1127 3569 1275 3646 pontificis
1296 3569 1340 3624 in·

136 3652 273 3710 tercessio
286 3651 379 3727 gloria
392 3671 446 3708 nos
459 3658 603 3728 protegat.

197 3732 269 3790 Alia
285 3731 386 3792 Oratio
400 3733 454 3790 sub
468 3734 566 3791 eadem
581 3733 767 3791 conclusione.

198 3816 289 3884 Deus,
306 3814 358 3890 qui
372 3815 491 3871 beatum
513 3814 728 3884 Sebastianum,
743 3818 904 3887 martyrem
925 3818 1020 3880 tuum,
1037 3812 1150 3869 virtute
1165 3812 1340 3868 constantiae

137 3897 169 3952 in
182 3896 317 3971 passione
339 3894 504 3953 roborasti:
526 3915 564 3951 ex
586 3896 650 3971 ejus
672 3896 757 3951 nobis
778 3894 946 3950 imitatione
966 3894 1066 3951 tribue
1088 3913 1141 3969 pro
1163 3911 1263 3949 amore
1285 3898 1340 3950 tuo

137 3997 275 4053 prospera
289 3977 393 4033 mundi
407 3976 562 4052 despicere,
577 3983 607 4033 et
622 3975 706 4032 nulla
720 3977 784 4050 ejus
798 3975 923 4031 adversa
935 3974 1104 4032 formidare.
1148 3973 1214 4030 Per.

203 4057 372 4133 Ubicunque
392 4077 456 4114 uero
475 4057 542 4114 duce
559 4056 710 4114 Orationes
724 4056 874 4128 dicuntur,
889 4064 924 4112 ut
932 4055 987 4126 laic,
1003 4055 1056 4112 aab
1069 4075 1133 4112 una
1148 4053 1337 4126 conclusione,

138 4139 224 4213 quasi
234 4158 290 4212 pro
304 4160 367 4196 raaia
381 4138 481 4196 debent
493 4137 598 4195 baben.

199 4219 338 4294 Epistola.
382 4219 485 4277 Sancti
498 4238 551 4294 per
563 4219 659 4275 fidem.

201 4299 334 4358 Gradale.
378 4301 536 4360 Gloriosus.

198 4381 349 4456 Alleluya.
397 4382 426 4439 V.
449 4381 552 4439 Sancti
566 4379 621 4451 tui,
637 4381 773 4450 Domine,
789 4380 970 4437 benedicent.

200 4460 363 4536 Sequentia.
394 4461 469 4521 Ecce
480 4462 612 4539 pulchra,
623 4462 702 4520 utin
713 4461 892 4531 Oonarauni;
913 4460 957 4518 eei
967 4460 1099 4532 Tractus,
1112 4458 1172 4527 Qui
1182 4455 1340 4530 seminant,
