2946 5002
136 337 154 397 6
578 333 676 397 Festa
697 331 892 397 Decembris.

132 499 228 556 sancti
241 499 384 557 antistitis
397 499 444 556 tui
458 499 575 556 Nicolai
590 500 763 569 offeruntur,
777 504 919 574 uiperea
930 497 994 557 vita
1006 504 1109 555 nostra
1121 497 1202 556 inter
1214 498 1335 556 adversa

132 581 251 656 ubique,
267 569 298 637 ei
311 600 449 657 prospera
462 581 614 656 dirigatur.
658 580 717 637 Per
731 580 903 638 Dominum.

197 659 378 721 Oonzmunio.
422 661 533 719 Fidelis
547 680 656 720 servus,

194 742 434 800 Posteommunia

195 822 343 880 Sacrificio
357 843 422 899 quae
436 823 622 898 sumpsimus,
638 822 774 892 Domine,
790 842 844 898 pro
864 820 1062 879 sollemnitate
1082 821 1177 879 sancti
1190 821 1337 897 pontificis

132 903 178 959 tui
206 903 324 961 Nicolai
351 905 528 980 sempiterna
555 924 609 960 nos
636 904 818 980 protectione
845 903 1027 963 confirment.
1084 901 1144 960 Per
1171 902 1336 960 Dominum

134 990 267 1041 nostrum
282 985 304 1042 J
305 1004 394 1042 esum.

354 1181 393 1238 Iu
415 1180 549 1239 Ooravm
570 1197 675 1238 saron
696 1181 847 1237 Aunnun.
892 1179 955 1258 (vii.
972 1180 1017 1238 Id.
1035 1178 1121 1259 Dec.)

196 1330 334 1405 Officium.
378 1329 459 1386 Mihi
479 1336 579 1387 autem
593 1329 691 1400 nimis,
707 1339 733 1387 et
747 1339 858 1399 cetera;
872 1330 948 1388 suut
965 1329 1067 1400 indie,
1083 1327 1134 1386 sed
1151 1328 1213 1386 sine
1234 1327 1337 1386 Gloria

137 1412 169 1468 in
184 1410 315 1482 excelsis,
330 1419 356 1469 et
368 1411 431 1468 sine
445 1410 547 1468 Credo.

197 1491 305 1550 Oratio.

196 1572 336 1648 Protegat
360 1592 422 1642 nos,
445 1571 582 1642 Domine,
605 1573 712 1648 saepius
733 1572 814 1629 beati
836 1572 967 1629 Andreae
991 1571 1116 1647 apostoli
1141 1571 1189 1627 tui
1209 1572 1336 1646 repetita

134 1653 324 1725 sollemnitas,
338 1659 374 1710 ut
393 1653 478 1728 cujus
498 1653 662 1728 patrocinia
676 1655 739 1710 sine
752 1653 969 1710 intermissione
985 1652 1149 1723 recolimus,
1164 1658 1336 1728 perpetuam

135 1734 333 1791 defensionem
347 1734 516 1791 sentiamus.
560 1733 619 1790 Per
632 1733 803 1791 Dominum.

196 1815 330 1890 Epistola
343 1824 369 1872 et
382 1815 577 1890 Euarepeiium
590 1815 625 1871 in
638 1815 692 1872 die.

196 1896 316 1954 Secreta.

197 1976 420 2052 Indulgentiam
448 1976 542 2048 nobie,
572 1977 709 2048 Domine,
739 1996 914 2052 quaesumus,
944 1976 1095 2052 praebeant
1121 1975 1184 2032 haec
1215 1994 1337 2032 munera

134 2057 308 2134 largiorem3
329 2077 394 2134 quae
406 2058 583 2115 venerabilis
597 2059 726 2115 Andreae
740 2057 865 2132 apostoli
879 2057 1026 2132 suffragiis
1040 2057 1213 2114 offeruntur.
1257 2056 1321 2114 Per.

195 2139 436 2197 Poatcommunio.

195 2220 332 2295 Adjuvet
352 2219 495 2275 familiam
516 2224 597 2275 tuam
620 2219 686 2288 tibi,
708 2219 845 2291 Domine,
862 2219 1053 2294 supplicando
1074 2218 1178 2276 beatus
1200 2217 1337 2276 Andreas

135 2300 293 2375 apostolus
317 2305 347 2356 et
367 2300 433 2374 pius
455 2300 641 2356 interventor
661 2299 812 2372 efficiatur,
835 2300 888 2376 qui
906 2299 953 2361 tui
976 2299 1104 2356 nominis
1128 2299 1246 2356 exstitit
1267 2318 1338 2375 prae-

135 2381 255 2438 dicator.
299 2380 358 2437 Per
372 2379 542 2437 Dominum.

184 2601 343 2660 1quer
364 2603 586 2662 Concurrmms
607 2621 712 2662 suarm
733 2604 851 2662 Manna
872 2605 1029 2664 Vmornrs.
1073 2605 1124 2685 (vi.
1141 2606 1186 2664 Id.
1203 2606 1289 2685 Dec.)

194 2750 244 2808 Aa
268 2752 395 2812 Missam
416 2755 491 2812 sicut
510 2754 545 2811 in
565 2754 729 2812 Nativitate
749 2754 819 2830 ejua
839 2764 951 2813 mutato
973 2755 1088 2814 nemim
1108 2757 1284 2816 Natiuitatis
1304 2758 1338 2816 in

135 2852 239 2890 nomen
260 2832 467 2909 Conceptionis.
519 2835 676 2910 Sequentia
703 2845 737 2892 ut
764 2837 798 2892 in
826 2836 995 2910 Natiuitate,
1021 2846 1136 2894 niutata
1164 2848 1261 2896 tamen
1284 2839 1339 2897 iao

135 2913 258 2971 dictione
273 2915 450 2974 Natiuitatis
462 2917 497 2973 in
509 2937 614 2974 nomen
629 2916 837 2992 Coiweptionia

419 3130 547 3186 Saucrn
569 3129 686 3201 Lucra,
708 3145 853 3187 vmorms.
899 3128 957 3204 (Id.
975 3129 1062 3208 Dec.)

199 3258 338 3335 Officiimi.
381 3260 532 3319 Dilexisti.

202 3340 311 3400 Oratio,

196 3421 315 3480 Exaudi
335 3442 397 3494 nos,
414 3422 496 3481 Deus
515 3424 652 3482 salutaris
674 3434 783 3495 noster,
799 3430 829 3481 et
846 3425 923 3481 sicut
937 3423 973 3482 de
988 3424 1081 3480 beatae
1095 3424 1195 3481 Luciae
1209 3425 1337 3502 virginis

136 3509 166 3560 et
194 3504 332 3579 martyris
360 3510 419 3560 tuae
446 3504 609 3563 festivitate
636 3506 806 3582 gaudemuS,
828 3506 871 3562 ita
890 3505 947 3580 piae
975 3505 1140 3563 devotionis
1168 3507 1339 3564 erudiamur

137 3584 252 3642 affectu.
295 3584 354 3641 Per
367 3585 539 3643 Dominum.
804 3639 807 3645 ,

197 3666 347 3724 Memoriae
360 3664 394 3723 de
407 3666 552 3738 Adventu,
568 3676 593 3724 et
606 3667 641 3725 cie
654 3667 792 3726 Domina.

197 3745 337 3821 upana.
382 3746 533 3823 Sapientia
547 3749 641 3806 vincit
654 3747 807 3805 malitiam.

200 3826 334 3886 Gradale.
378 3827 528 3886 Dilexisti.

198 3909 347 3985 Alleluya.
396 3909 424 3967 V.
448 3910 566 3967 Diffusa
579 3916 631 3967 est.
839 3981 841 3984 y

198 3989 362 4064 Sequentia.
406 3989 607 4063 Exsultemus,
624 3999 658 4048 ut
672 3989 706 4048 in
721 3989 884 4049 Communi.

198 4071 399 4146 anrmeiium.
442 4072 546 4129 Simile
560 4078 604 4129 est
618 4092 742 4148 regnum
756 4071 893 4129 caelorum
906 4070 1052 4129 thesauro.

200 4150 393 4224 Offertarium,
436 4152 613 4225 Offerentur‚
629 4154 736 4211 minus.

199 4231 321 4291 Secreta.

196 4313 329 4391 Accepta
347 4315 403 4371 tibi
423 4316 470 4386 sit,
487 4315 624 4387 Domine,
641 4321 760 4373 sacratae
773 4313 868 4393 plebis
888 4313 1000 4391 oblatio
1020 4333 1074 4390 pro
1090 4320 1211 4372 tuorum
1225 4312 1337 4372 honore

138 4400 317 4468 sanctorum,
345 4414 471 4470 quorum
497 4392 528 4454 se
555 4396 669 4455 meritis
695 4399 857 4475 percepisse
893 4396 929 4454 de
963 4394 1156 4453 tribulatione
1189 4396 1338 4471 cognoscit

125 4474 293 4550 auxilium.
337 4474 396 4534 Per
413 4476 585 4538 Dominum.
