2946 5002
492 384 670 454 Orationes
694 385 876 452 Generoles.
1221 382 1285 450 '181

150 553 390 614 Poatcommuaio.
976 597 978 603 .

151 636 345 730 SumpsimuS,
369 633 497 692 Domine
523 628 617 691 beatae
639 633 697 691 Dei
719 632 875 710 genetricis
897 652 1011 709 semper
1035 632 1158 710 virginis
1182 631 1286 690 Mariae

91 724 121 775 et
140 717 275 775 omnium
296 719 466 774 sanctorum
487 719 607 772 tuorum
632 714 739 771 merita
758 713 921 772 recolentes
938 720 1119 772 sacramenta
1141 714 1288 785 caelestia3

91 805 205 891 praesta,
220 815 397 873 quaesumus,
411 801 448 853 ut
461 795 540 872 quod
553 795 755 871 temporaliter
768 795 905 871 gerimus,
920 813 1021 853 eorum
1035 795 1171 872 precibus
1183 795 1287 870 adjuti,

87 879 210 937 -aeternis
223 877 340 954 gaudiis
354 895 575 952 consequamur.
618 876 677 933 Per
690 875 862 935 Dominum.

133 1117 386 1176 Oounanoasrro
407 1115 659 1188 lucianarrorus,
682 1113 960 1186 Rasuaaucmonrs,
982 1114 1241 1188 O1acunc1sron1s,

308 1221 520 1292 Ascnnsronrs,
543 1237 581 1278 ar
602 1220 771 1279 Aurunros
793 1221 933 1279 Srrmrus
954 1222 1074 1283 Sanora

153 1314 265 1374 Oratio.

152 1396 251 1455 Corda
264 1400 373 1467 nostra,
388 1413 564 1472 quaesumus,
580 1393 718 1467 Domine,
734 1400 853 1453 sanetus
866 1395 1003 1473 splendor
1016 1396 1088 1454 Filii
1101 1397 1148 1455 tui
1160 1397 1292 1456 incarna-

88 1476 190 1550 tionis,
226 1475 403 1548 nativitatis,
435 1476 587 1553 passionis,
620 1476 848 1549 resurrectionis,
876 1477 1060 1548 ascensionis,
1089 1485 1119 1536 et
1146 1479 1290 1536 adventus

93 1558 224 1635 Spiritus
238 1557 349 1632 Sancti,
377 1556 515 1614 clementi
538 1562 671 1632 respectu
695 1557 844 1630 illustret3
864 1577 923 1633 quo
936 1559 1040 1615 mundi
1060 1559 1149 1634 hujus
1162 1560 1293 1617 tenebris

90 1658 191 1697 carere
226 1638 384 1708 valeamus,
414 1643 445 1694 et
470 1637 534 1714 ipso
562 1638 687 1694 ducente
711 1638 915 1714 perveniamus
935 1639 973 1695 ad
995 1640 1123 1715 patriam
1150 1640 1293 1698 claritatis

92 1726 219 1778 aeternae.
262 1718 321 1776 Per
334 1718 459 1776 eundem
473 1718 644 1775 Dominum.
688 1717 728 1774 In
740 1718 857 1776 unitate
869 1719 999 1794 ejusdem
1014 1719 1149 1796 Spiritus

153 1799 277 1860 Secreto.

155 1881 196 1938 In
209 1879 359 1938 mentibus
379 1879 496 1952 nostris,
511 1898 687 1957 quaesumus,
704 1879 839 1952 Domine,
854 1899 932 1938 verae
945 1880 1015 1937 fidei
1034 1888 1217 1939 sacramenta
1230 1901 1295 1938 eon-

95 1962 199 2034 firma;
221 1967 257 2018 ut
270 1961 323 2037 qui
336 1966 509 2037 conceptum
532 1961 569 2017 de
592 1960 707 2036 virgine
729 1960 828 2017 Deum
849 1980 953 2018 verum
967 1967 998 2018 et
1010 1960 1160 2019 hominem
1178 1963 1295 2020 confite·

59 2049 63 2057 '
95 2063 171 2114 mur,
186 2062 240 2118 per
263 2042 394 2117 ejusdem
416 2040 574 2098 salutiferae
597 2040 817 2113 incarnationis,
838 2041 1015 2114 nativitatis,
1036 2042 1188 2119 passionis,
1203 2063 1296 2100 resur-

95 2123 243 2194 rectionis,
259 2121 442 2194 ascensionis,
458 2128 488 2178 et
502 2123 646 2180 adventus
657 2121 760 2179 Sancti
774 2122 902 2199 Spiritus
915 2123 1088 2198 potentiam,
1103 2124 1141 2180 ad
1154 2122 1296 2181 aeternam

96 2223 262 2262 mereamur
275 2202 427 2279 pervenire
440 2202 584 2260 laetitiam.
627 2203 686 2260 Per
700 2203 832 2261 eundem.
876 2203 916 2261 In
930 2205 1054 2263 unitate.

156 2284 397 2343 Postcommunio.

157 2365 281 2436 Praesta,
298 2384 474 2440 quaesumus,
489 2365 675 2442 omnipotens
689 2366 787 2438 Pater,
803 2367 905 2442 utqui
918 2365 990 2423 Filii
1006 2365 1054 2423 tui
1067 2365 1191 2424 Domini
1204 2367 1299 2423 nostri

97 2447 171 2505 Jesu
195 2445 308 2504 Christi
333 2445 553 2518 incarnationis,
576 2446 752 2519 natiuitatis,
775 2447 926 2522 passionis,
951 2447 1181 2517 resurrectionis,
1204 2467 1300 2504 ascen-

96 2527 197 2598 sionis,
212 2532 243 2584 et
256 2527 401 2585 adventus
423 2526 552 2602 Spiritus
573 2527 675 2584 Sancti
694 2528 866 2585 memoriam
886 2528 988 2586 debita
1001 2528 1198 2585 venerationis
1212 2528 1299 2586 laude

99 2607 230 2677 colimus,
246 2607 303 2684 ipsi
316 2627 368 2683 per
382 2607 513 2683 ejusdem
527 2607 629 2664 Sancti
643 2607 779 2683 ¹Spiritus
799 2608 926 2685 gratiam
940 2628 959 2666 a
978 2614 1073 2666 morte
1086 2609 1192 2666 animae
1206 2628 1300 2667 resur·

96 2708 203 2764 gamm
231 2694 261 2746 et
285 2688 318 2745 in
342 2694 394 2746 tua
420 2707 535 2765 semper
556 2687 787 2747 sanctificatione
814 2688 957 2747 tiramus.
1000 2689 1060 2746 Per
1083 2689 1217 2748 eundem.
1260 2690 1299 2747 In

100 2770 223 2828 unitate.

382 2921 448 2979 Paro
470 2922 563 2980 Vrvrs
585 2938 622 2980 nr
643 2924 820 2983 Dnsuncms
841 2941 1019 2982 cussanus.

99 3083 100 3087 ¹
162 3053 266 3114 Oratio
281 3053 437 3111 Generalis.

162 3134 358 3211 Omnipotens
371 3133 548 3211 sempiterne
563 3134 655 3207 Deus,
670 3135 722 3210 qui
741 3135 878 3192 vivo1u'm
900 3135 1061 3192 dominaris
1081 3136 1169 3193 simul
1183 3141 1214 3193 et
1227 3153 1302 3192 mor-

103 3223 232 3293 tuorum,
261 3215 451 3291 omniumque
478 3215 624 3272 misereris
658 3235 730 3292 quos
759 3224 825 3274 tuos
852 3215 908 3273 fide
936 3222 966 3273 et
990 3235 1077 3291 opere
1104 3217 1221 3273 futuros
1241 3235 1302 3273 esse

103 3297 279 3374 praenoscis;
300 3302 332 3353 te
359 3297 531 3372 suppliciter
557 3315 721 3366 exoramus
750 3302 785 3352 ut
819 3315 873 3371 pro
900 3297 1007 3372 quibus
1034 3297 1183 3354 effundere
1203 3315 1303 3371 preces

100 3378 294 3446 decrevimus,
315 3397 447 3453 quosque
467 3377 515 3434 vel
532 3395 660 3452 praesens
678 3377 773 3433 adhuc
790 3377 930 3434 saeculum
951 3376 984 3432 in
1004 3396 1091 3434 earne
1114 3378 1232 3445 retinet,
1254 3376 1302 3433 vel

102 3459 238 3516 futurum
247 3458 311 3533 jam
325 3463 431 3514 exutos
451 3477 571 3533 corpore
591 3458 726 3533 suscepit,
742 3457 861 3532 pietatis
881 3464 940 3515 tuae
961 3457 1115 3514 clementia
1129 3456 1303 3513 delictorum

101 3559 224 3597 suorum
237 3539 356 3595 veniam
370 3544 400 3594 et
412 3539 520 3615 gaudia
534 3539 672 3614 consequi
684 3544 854 3596 mereantur
867 3545 983 3596 aeterna.
1025 3538 1084 3595 Per
1098 3537 1267 3594 Dominum.

166 3620 288 3678 Secreto.
999 3643 1000 3646 ¹

165 3700 256 3770 Deus,
271 3700 319 3757 oui
333 3699 388 3756 soli
410 3700 545 3775 cognitus
563 3707 608 3758 est
631 3720 771 3758 numerus
785 3701 943 3759 electorum
965 3701 996 3756 in
1019 3718 1144 3774 superna
1162 3697 1304 3754 felicitate

105 3780 263 3852 locandus,
284 3780 390 3850 tribue,
406 3800 582 3856 quaesumus,
598 3788 634 3839 ut
654 3783 860 3840 universorum
881 3800 953 3857 quos
969 3780 1002 3836 in
1016 3780 1148 3836 oratione
1161 3797 1303 3836 commen-

106 3861 191 3919 datos
219 3861 408 3937 suscepimus,
437 3868 468 3918 et
499 3863 633 3919 omnium
659 3863 800 3930 fidelium,
826 3863 963 3919 vivorum
990 3868 1079 3935 atque
1107 3865 1302 3934 mortuorum,

106 3943 226 4000 nomina
238 3943 332 3999 beatae
346 3942 613 4018 praedestinationis
627 3943 702 4000 liber
715 3944 843 4019 ascripta
856 3942 991 4000 retineat.
1030 3940 1094 3997 -Per
1107 3940 1278 3998 Dominum.

165 4022 409 4081 Postcommunio.

167 4103 331 4162 Purificeut
341 4121 402 4173 nos,
415 4122 592 4177 quaesumus
603 4104 789 4181 omnipotens
801 4110 831 4161 et
841 4103 1006 4160 misericors
1019 4101 1111 4172 Deus,
1123 4107 1306 4160 sacramenta

99 4204 173 4260 ·quae
195 4185 393 4260 sumpsimus3
414 4190 444 4238 et
470 4191 577 4258 praesta
603 4190 639 4240 ut
660 4184 715 4242 hoc
740 4191 826 4241 tuum
848 4188 1063 4241 sacramentum
1085 4202 1145 4240 non
1166 4183 1206 4240 sit
1219 4183 1305 4240 nobis

107 4271 205 4322 reatus
232 4266 270 4322 ad
297 4283 421 4341 paenam,
451 4263 502 4320 sed
532 4265 702 4322 intercessio
730 4265 868 4322 salutaris
895 4263 933 4320 ad
959 4263 1094 4334 veniam3
1128 4264 1167 4320 sit
1193 4263 1307 4321 ablutio

104 4345 269 4418 scelerum3
289 4346 329 4402 sit
343 4343 488 4400 fortitudo
509 4343 678 4419 fragilium
699 4345 739 4402 sit
753 4351 856 4402 contra
875 4343 980 4402 mundi
1000 4343 1131 4420 pericula
1144 4346 1309 4401 firmamen-

100 4431 192 4498 ·tum;
213 4426 254 4483 sit
276 4425 414 4482 vivorum
443 4430 533 4500 atque
550 4430 742 4481 mortuorum
765 4423 898 4484 fidelium
918 4423 1050 4482 remissio
1064 4424 1197 4503 omnium
1211 4444 1309 4501 pecca·

101 4510 214 4564 uorum.
256 4505 315 4564 Per
328 4503 501 4562 Dominum.
