2946 5002
669 387 802 482 Hyries.

724 580 750 638 Ι.

579 684 748 757 Oonmron,
772 684 888 744 Kysis.

401 780 483 842 (l'ork,
492 780 584 840 Surum,
592 780 640 826 cod
647 780 771 841 Heresord,
780 780 829 826 aod
835 780 888 826 MS.
899 779 985 841 Bodlcy
994 780 1056 840 775.)

217 865 368 939 Conditor,
384 866 489 942 Kyrie,
504 866 646 937 omnium,
659 886 750 943 ymas,
766 872 976 937 creaturarum,
990 866 1115 942 eleyson.

216 947 263 1006 Tu
275 952 377 1005 nostra
390 947 490 1006 delens
503 948 637 1020 crimina,
651 947 737 1005 nobis
749 947 929 1006 incessanter
942 947 1067 1024 eleyson.

216 1029 265 1088 Ne
278 1029 357 1086 sinas
370 1028 466 1104 perire
478 1028 625 1087 facturam
639 1034 731 1101 tuam,
746 1028 797 1086 sed
810 1028 937 1086 clemens
951 1027 983 1085 ei.
991 1027 1118 1104 eleyson.

189 1102 192 1109 ’
218 1109 344 1182 Christe,
360 1108 459 1167 Patris
472 1109 568 1182 unice,
583 1115 672 1167 natus
685 1109 723 1167 de
736 1108 861 1186 virgine,
875 1109 961 1166 nobis
974 1108 1099 1184 eleyson.

217 1190 367 1247 Mundum
380 1189 528 1266 perditum
542 1190 596 1267 qui
607 1197 661 1248 tuo
674 1190 816 1266 sanguine
829 1189 951 1247 salvasti
963 1189 999 1247 de
1012 1194 1116 1261 morte,
1126 1188 1251 1266 eleyson.
1258 1220 1265 1240 .›

217 1271 269 1328 Ad
281 1276 312 1328 te
325 1290 404 1328 nunc
418 1270 599 1329 clamantum
611 1289 710 1349 preces
723 1270 892 1343 exaudiens,
906 1271 972 1348 pius
986 1267 1111 1347 eleyson

219 1351 348 1429 Spiritus
361 1351 447 1425 alme,
461 1357 515 1409 tua
527 1371 581 1419 nos
594 1351 675 1428 reple
686 1352 793 1429 gratia,
806 1351 932 1427 eleyson
1023 1353 1026 1361 ’
1082 1412 1083 1417 χ

217 1435 251 1490 A
263 1431 354 1490 Patre
368 1438 399 1490 et
411 1437 483 1490 nato
497 1433 550 1508 qui
562 1452 664 1490 manus
673 1431 797 1509 jugiter,
812 1432 897 1491 nobis
911 1432 1036 1510 eleyson

219 1512 350 1570 Trinitas
364 1533 432 1584 una,
446 1513 527 1570 trina
539 1514 649 1584 unitas,
663 1511 753 1571 simul
765 1513 921 1586 adoranda,

219 1593 400 1653 Nostrorum
413 1593 554 1652 scelerum
568 1593 667 1652 vincla
679 1593 792 1651 resolve
804 1592 951 1652 redimens
964 1613 983 1652 a
995 1600 1100 1652 morte.

220 1673 331 1734 Omnes
345 1675 556 1754 proclamemus
568 1693 649 1734 nunc
661 1693 733 1734 voce
746 1674 893 1745 dulciflua,
908 1675 999 1748 Deus,
1013 1675 1138 1751 eleyson.

717 1830 761 1891 II.

570 1937 746 1998 Puuaonou
766 1953 913 1996 caranus.

606 2032 685 2092 (York
695 2031 743 2079 aad
750 2031 888 2092 Heresbrd.)

143 2118 440 2178 Puerorumcaterva
451 2117 608 2194 jubilando
622 2136 693 2176 voce
707 2137 813 2176 sonora
826 2118 931 2176 offerat
943 2117 1090 2194 praeconia
1103 2117 1230 2190 Christo,
1246 2116 1298 2175 eia.

144 2201 320 2258 Sanctorum
337 2199 371 2255 in
388 2198 499 2256 honore
518 2198 737 2270 Innocentium,
752 2218 878 2275 quorum
898 2199 986 2257 hodie
1005 2198 1224 2258 concelebratur
1236 2197 1343 2256 devote

223 2279 333 2337 festum
346 2279 382 2337 de
395 2284 498 2338 morte.

144 2361 281 2419 Puritate
295 2360 388 2417 animi
401 2359 544 2418 festinans
559 2379 608 2418 eos
621 2359 743 2432 imitari,
759 2380 848 2438 quam
860 2366 933 2418 sunt
946 2360 1033 2433 beati,
1049 2361 1136 2419 corde
1149 2352 1253 2419 nitidi¹

145 2442 212 2499 Hos
225 2440 360 2498 Herodes
373 2440 450 2498 latro
463 2440 616 2517 pessimus,
629 2440 767 2499 frendens
784 2448 819 2498 ut
836 2440 891 2512 leo,
906 2441 1059 2500 mandavit
1081 2460 1181 2499 omnes
1199 2439 1264 2498 dari
1284 2440 1344 2499 leto

224 2541 279 2598 pro
291 2521 417 2597 virginis
430 2521 509 2579 Filio
523 2527 594 2579 nato
607 2521 641 2579 in
654 2522 772 2580 mundo.

147 2603 226 2680 Ergo
238 2602 277 2660 ad
288 2601 413 2659 vulnera
426 2621 508 2659 saera
523 2603 687 2660 trahuntur
705 2603 837 2680 pignora,
852 2608 961 2660 matres
974 2602 1047 2660 dant
1061 2620 1146 2662 voces
1166 2602 1204 2660 ad
1224 2602 1342 2675 aethera,

226 2682 364 2741 ferientes
377 2682 477 2741 tristia
488 2683 596 2760 pugnis
608 2688 734 2761 pectora.

147 2764 266 2823 Timcns
279 2765 342 2841 ejus
355 2770 424 2821 ortu
437 2768 593 2841 sceptrum,
608 2784 667 2840 quo
688 2770 827 2840 regnarat
840 2764 902 2838 diu,
917 2764 1054 2823 amittere
1074 2784 1142 2823 cum
1161 2763 1343 2841 principatu,

227 2845 311 2922 cujus
323 2844 438 2902 excelsa
450 2863 542 2902 manu
555 2851 619 2903 erat
632 2845 763 2903 inflatus.

148 2926 245 2998 Nunc,
263 2924 288 2984 Ο
304 2924 400 3002 Kyrie
416 2927 499 3002 juste
512 2931 544 2982 et
556 2945 610 2984 rex
622 2925 680 3004 pie,
695 2945 795 2984 servos
808 2932 945 2984 canentes
959 2926 1079 3004 respice,
1094 2933 1125 2985 et
1146 2926 1251 2986 horum
1272 2946 1345 3003 quos

228 3006 382 3064 laudamus
394 3024 487 3082 prece,
502 3006 587 3064 nobis
599 3008 702 3084 gratiae
716 3013 776 3064 tuae
790 3006 891 3065 lumen
904 3007 1035 3066 infunde.

150 3087 215 3157 Quo
229 3087 306 3145 celsa
317 3086 379 3164 poli
392 3086 605 3165 complacentes
618 3088 675 3145 tibi
689 3107 756 3146 cum
769 3088 869 3145 fructu
877 3087 972 3164 operis
985 3087 1056 3147 boni
1068 3107 1233 3148 mereamur
1246 3087 1347 3146 scand-

228 3187 276 3226 ere
288 3167 366 3246 puri,
380 3166 417 3224 de
429 3167 523 3226 hostis
536 3167 710 3244 nequissimi
723 3168 807 3226 fauce
821 3169 934 3245 erepti;

151 3247 200 3308 Ibi
216 3268 283 3306 cum
300 3267 382 3306 sacro
399 3247 570 3325 angelorum
590 3248 679 3306 choro
698 3248 851 3307 laudemus
871 3255 903 3307 te
923 3249 1009 3309 corde
1029 3255 1094 3309 toto
1113 3249 1147 3307 in
1166 3249 1345 3308 laudationis

226 3329 323 3406 jubilo
337 3335 368 3387 et
381 3328 462 3388 vocis
474 3329 607 3405 tripudio
619 3330 725 3403 fantes,
739 3329 864 3407 eleyson.

715 3487 779 3548 111.

622 3592 692 3653 Lux
712 3610 750 3653 nr
770 3597 893 3654 carco*

562 3687 644 3748 (York,
652 3687 744 3748 Sarum,
753 3689 802 3736 cod
808 3689 942 3751 Heresord)

273 3776 340 3832 Lux
355 3780 385 3832 et
398 3775 480 3852 origo
493 3775 577 3849 lucis,
590 3796 703 3835 summe
717 3777 807 3849 Deus,
822 3777 947 3853 eleyson.

273 3856 313 3913 ln
325 3857 409 3932 cujus
422 3862 499 3915 nutu
512 3863 649 3915 constant
661 3864 768 3915 cuncta
780 3877 903 3935 semper,
919 3858 1043 3935 eleyson.

274 3937 334 4007 Qui
347 3936 425 3995 solus
437 3943 521 4014 potes
533 3938 672 4010 misereri,
686 3938 772 4000 nobis
785 3938 909 4015 eleyson

273 4017 455 4094 Redemptor
468 4018 601 4077 omnium
615 4026 645 4077 et
658 4019 737 4077 salus
750 4038 861 4093 eorum,
876 4018 1003 4097 benigne
1015 4020 1100 4078 nobis
1113 4020 1238 4097 eleyson.

275 4098 334 4157 Per
346 4118 461 4156 crucem
474 4099 620 4176 redempti
633 4109 651 4157 a
664 4105 759 4158 morte
771 4099 895 4176 perenni
907 4106 938 4158 te
951 4121 1116 4173 exoramus,
1130 4102 1256 4177 eleyson.

276 4179 336 4249 Qui
349 4199 379 4237 es
392 4179 528 4237 Verbum
542 4179 650 4251 Patris,
665 4186 745 4238 sator
757 4181 886 4259 pietatis,
901 4181 955 4238 lux
968 4182 1112 4254 veritatis,
1127 4182 1251 4258 eleyson.

276 4258 431 4332 Paraclite,
446 4260 575 4337 Spiritus
589 4261 703 4333 Sancte,
718 4262 808 4334 Deus,
823 4262 908 4319 nobis
921 4261 1046 4338 eleyson

277 4340 428 4398 Medicina
440 4346 542 4398 nostra
555 4346 586 4399 et
600 4342 807 4414 misericordia,
823 4342 947 4419 eleyson.

278 4419 408 4479 Trinitas
422 4427 452 4479 et
466 4421 577 4480 Unitas
591 4422 706 4495 Sancta,
723 4423 814 4494 Deus,
828 4423 913 4483 nobis
926 4422 1050 4502 eleyson.

515 4572 516 4577 ,
629 4532 643 4559 ’
659 4532 705 4580 See
713 4532 760 4581 No.
770 4531 880 4581 XXVII.
