2946 5002
482 338 530 404 In
544 338 582 402 N
579 337 667 404 ntuli
680 337 789 404 unius
803 337 845 402 M
842 337 978 424 orturis.

494 503 576 562 Voce
590 523 716 580 quorum
729 503 807 562 salus
815 504 912 574 fluxit,

494 585 566 643 Nox
579 586 707 657 recessit,
722 591 752 642 et
765 585 867 642 illuxit

536 666 587 723 Sol
600 665 752 723 illustrans
765 666 870 724 omnia

493 746 535 803 Et
549 755 647 818 cetero,
662 755 697 804 ut
709 747 744 805 in
761 745 924 805 Conununi.

430 872 436 885 .
493 906 670 978 Jocundare,
685 906 767 983 plebs
779 907 883 979 fidelis,

495 987 587 1063 Cujus
601 987 691 1044 Pater
705 994 750 1045 est
763 987 796 1043 in
809 988 895 1060 calio,

494 1068 637 1126 Recolens
650 1068 809 1125 Ezechielis

533 1148 688 1225 Prophetae
701 1149 852 1224 praeconia.

494 1229 550 1287 Est
563 1229 585 1287 J
585 1229 715 1286 ohannes
727 1228 813 1286 testis
827 1228 939 1286 Christi

496 1310 605 1367 Dicens
618 1310 651 1366 in
664 1309 861 1385 Apocalypsi:

493 1389 573 1447 Vere
586 1390 664 1462 vidi,
673 1409 740 1447 vere
754 1389 856 1466 scripsi

534 1470 617 1528 Vera
630 1470 805 1529 testimonia.

493 1550 535 1607 Et
549 1559 646 1622 cetera
661 1551 743 1608 utin
757 1549 920 1609 Communi.

193 1646 348 1722 Sequentia
361 1647 456 1705 suncti
467 1648 628 1723 Bouraqdn'.
670 1648 836 1708 denudum
849 1648 961 1705 Duum
974 1646 1018 1722 (n.
1037 1644 1112 1724 1-7)

196 1727 235 1784 In
262 1727 313 1785 illo
339 1734 478 1804 tempore,
501 1729 676 1805 Designavit
702 1729 849 1786 Dominus
871 1728 960 1786 Jesus
986 1734 1017 1785 et
1043 1727 1116 1784 alios
1142 1728 1329 1804 septuaginta

134 1827 224 1883 usque
237 1808 278 1865 ud
291 1811 439 1884 operarius
452 1810 584 1867 mercede
598 1829 658 1867 sua.

193 1888 350 1963 Sequentia
363 1884 456 1948 sancti
469 1891 629 1965 Euoraqeln'i
672 1889 839 1948 Secundum
852 1889 964 1946 Ιησσσση
977 1888 1033 1966 (in.
1051 1887 1125 1965 1-6)

193 1969 233 2027 In
259 1970 311 2028 illo
338 1976 478 2046 tempore,
504 1970 680 2029 Convocatis
706 1971 728 2029 J
730 1991 796 2028 esus
823 1970 977 2028 duodecim
1003 1969 1142 2045 apostolis
1169 1988 1260 2044 usquu
1287 1972 1328 2027 ud

133 2051 365 2125 evangelizantes
379 2059 410 2108 et
423 2057 560 2109 curantes
574 2052 690 2128 ubique.

196 2129 388 2205 Offertortum.

195 2211 334 2282 Posuisti,
349 2211 484 2282 Domine,
499 2213 532 2268 in
546 2213 641 2288 capite
657 2214 720 2289 ejus
740 2232 876 2270 coronam
897 2211 932 2269 de
952 2210 1049 2286 lapide
1069 2210 1213 2287 pretioso:
1234 2212 1328 2268 vitam

134 2291 222 2367 petiit
236 2311 254 2348 a
266 2297 306 2362 te,
320 2298 351 2348 et
364 2293 497 2349 tribuisti
510 2293 545 2350 ei.

195 2370 237 2428 In
251 2381 372 2447 ternpore
386 2373 531 2447 Posclauli,
546 2373 694 2449 Alleluya,

196 2451 388 2527 Offertoriunu

193 2533 215 2590 J
217 2540 300 2591 ustus
308 2540 343 2591 ut
351 2534 448 2610 palma
456 2534 586 2593 florebit:
601 2535 676 2592 sicut
684 2535 787 2592 cedrus
795 2535 887 2610 quiin
896 2534 1010 2591 Libano
1019 2538 1063 2590 est
1071 2532 1324 2608 multiplicabitur.

194 2612 236 2671 In
250 2624 372 2690 uapore
385 2616 531 2688 Pusclaoli,
547 2615 697 2691 Alleluya.

194 2693 328 2752 Secreto*
337 2697 470 2771 propriu.

195 2774 345 2849 Praesutc'o.
389 2777 429 2832 Et
442 2783 481 2846 te,
497 2776 632 2833 Domine.

197 2853 376 2913 Communia

196 2934 306 3011 Magna
327 2941 371 2992 est
388 2935 481 3012 gloria
498 2937 561 3011 ejus
581 2937 613 2992 in
633 2936 755 2993 salutari
775 2943 836 3008 tuo,
852 2935 975 3013 gloriam
989 2941 1019 2992 et
1032 2955 1172 3012 magnum
1192 2935 1325 2994 decorem

135 3015 266 3092 impones
280 3035 455 3091 supereum,
471 3017 606 3074 Domine.

195 3095 235 3154 In
249 3104 371 3172 tempore
384 3098 531 3171 Puscbulc‘,
547 3098 696 3174 Alleluya,
711 3097 846 3173 alleluya.

197 3175 377 3234 Communia.

196 3257 335 3330 Posuisti,
351 3258 487 3331 Domine,
502 3259 642 3336 incapite
656 3260 719 3335 ejus
733 3278 869 3316 coronam
883 3258 919 3316 de
932 3257 1029 3335 lapide
1042 3257 1177 3334 pretiose.

194 3338 236 3396 In
249 3349 369 3414 tempore
384 3339 526 3412 Poscbulc‘,
543 3341 691 3417 Alleluya,
706 3341 841 3416 alleluya.

197 3419 451 3479 Postconununio†
459 3421 592 3497 propriu.

474 3599 513 3658 Iu
534 3600 656 3657 Nasam
677 3617 771 3659 umus
792 3602 964 3660 Maarsars.

197 3679 336 3756 Officium.

194 3760 360 3819 Laetabitur
382 3761 481 3837 justus
508 3761 541 3816 in
568 3762 706 3834 Domino,
735 3768 765 3819 et
792 3763 921 3838 sperabit
940 3763 974 3819 in
993 3782 1045 3820 eo:
1075 3768 1105 3819 et
1125 3761 1326 3821 laudabuntur

135 3860 236 3900 omnes
249 3843 321 3900 recti
336 3842 427 3899 corde.

194 3920 236 3981 In
250 3931 371 3998 ternpore
384 3921 531 3995 Puschuli,
546 3921 696 3998 Alleluya,
710 3922 843 3998 alleluya.

195 4003 340 4060 Psolmus.

192 4083 318 4155 Exaudi,
342 4084 433 4154 Deus,
457 4083 620 4141 orationem
644 4102 747 4156 meam,
764 4103 830 4140 cum
854 4083 1009 4159 deprecor:
1043 4104 1060 4141 a
1083 4085 1189 4141 timore
1211 4083 1326 4143 inimici

135 4162 215 4239 eripe
228 4165 356 4221 animam
370 4184 471 4222 meam.

194 4289 206 4313 ³
222 4289 440 4358 Malia—Altaria
448 4293 498 4348 tua,
508 4289 617 4347 Domine,
627 4289 763 4336 veneranda
777 4303 831 4335 cum
845 4290 931 4335 hostiis
944 4289 1023 4359 laudis
1037 4290 1184 4347 accedimus3
1200 4291 1247 4348 iac,
1259 4305 1324 4350 qure-

136 4348 817 4465 mutattentastistiterunt
835 4349 1040 4452 trissant
1056 4406 1156 4466 aaa
1195 4422 1317 4454 asama

135 4464 163 4508 ut
172 4407 225 4522 ejirs
234 4439 345 4523 precibus
354 4442 581 4528 adjuvemur,’ou1us
590 4441 794 4513 roniardationibus
803 4422 953 4513 eihibentur.
985 4466 1031 4512 Par
1041 4422 1195 4511 Dominurir.q
1319 4442 1326 4466 ³
