2946 5002
424 348 472 413 Ia
486 348 608 415 Notati
623 348 732 414 caiae
745 348 908 434 Apostoli.
1200 354 1261 416 135

419 575 460 633 Iu
481 575 604 634 Νιιιιι
626 591 719 634 cums
739 576 900 634 Arosrom.

128 670 267 747 Officium.
405 722 407 728 .

125 751 205 810 Mihi
217 757 317 810 autem
331 752 421 811 nimis
437 753 575 810 honorati
597 759 667 811 sunt
688 755 774 812 amici
794 754 849 828 tui,
866 754 955 826 Deus,
971 752 1061 810 nimis
1081 753 1260 822 confortatus

67 838 111 891 est
121 833 306 910 principatus
319 852 429 891 eorum.

124 912 167 971 Ia
181 922 303 989 tempore
316 913 462 987 Poecltcla',
477 913 625 991 Alleluya

125 993 273 1052 Peohnaa

123 1075 261 1146 Domine,
272 1075 403 1151 probasti
416 1095 463 1132 me
476 1081 507 1132 et
520 1075 682 1152 cognovisti
695 1095 760 1134 me:
776 1082 811 1134 tu
822 1075 985 1152 cognovisti
998 1075 1155 1133 sessionem
1164 1095 1258 1134 meam

65 1161 96 1212 et
109 1156 352 1229 resurrectionem
366 1175 469 1213 meam.

127 1235 236 1294 Oratch.

125 1315 308 1389 Quaesumus,
336 1316 520 1393 omnipotens
543 1316 634 1389 Deus,
662 1321 697 1374 ut
723 1318 827 1374 beatus
853 1317 1001 1393 apostolus
1028 1315 1068 1373 N.
1094 1322 1181 1374 tuum
1204 1337 1257 1394 pro

62 1395 149 1455 nobis
161 1396 298 1474 imploret
311 1397 458 1454 auxilium
467 1417 476 1469 3
496 1403 531 1453 ut
543 1416 561 1454 a
573 1397 682 1455 nostris
699 1399 828 1456 reatibus
849 1397 977 1455 absoluti
996 1417 1015 1454 a
1034 1397 1147 1454 cunctis
1167 1397 1257 1456 etiam

63 1477 202 1553 periculis
215 1496 359 1535 eruamur.
402 1478 461 1535 Per
474 1477 643 1536 Dominum

123 1556 329 1615 Plurimorwm
342 1558 543 1633 apostolicam.
620 1607 624 1616 .

122 1637 214 1710 Deus,
236 1638 289 1714 qui
308 1657 361 1696 nos
381 1657 480 1696 annua
502 1638 700 1716 apostolorum
720 1637 759 1696 N.
784 1645 814 1696 et
835 1638 874 1696 N.
898 1638 1093 1696 sollemnitate
1117 1638 1255 1711 laetificas,

62 1723 179 1792 presta,
195 1738 368 1795 quaesumus,
384 1724 419 1776 ut
439 1739 565 1795 quorum
586 1719 746 1795 gaudemus
766 1719 887 1791 meritis,
902 1719 1084 1776 instruamur
1104 1719 1253 1795 exemplis.

64 1797 123 1856 Per
136 1798 306 1857 Dominum

123 1878 174 1936 nd
189 1879 327 1973 Ephesios
339 1878 389 1970 (ii.
407 1879 456 1938 19-
457 1879 521 1955 22).

123 1959 260 2017 Fratres:
285 1961 351 2035 jam
369 1979 430 2017 non
452 1962 523 2017 estis
544 1960 672 2036 hospites
692 1979 782 2034 usqae
808 1960 880 2017 acl
871 1979 903 2017 m
892 1919 1124 2017 habitaculum
1144 1958 1232 2016 Dei
1223 1980 1255 2018 ιιι

64 2039 179 2116 Spiritu
193 2040 308 2098 Sancto.
1075 2088 1077 2092 ,

124 2119 175 2177 nt
187 2120 333 2179 Rootcnos
346 2119 425 2198 (citt.
441 2121 556 2199 28-39).

124 2200 262 2259 Fratres:
297 2201 411 2259 Scimus
437 2202 577 2278 quoniam
610 2201 799 2277 diligentibus
833 2201 932 2259 Deum
965 2201 1063 2257 omnia
1096 2220 1186 2276 aoqetc
1215 2202 1255 2260 ad

61 2299 195 2357 separare
208 2302 226 2340 a
239 2282 362 2340 caritate
375 2283 443 2355 Dei,
458 2302 522 2359 quoe
537 2288 582 2340 est
595 2282 627 2338 in
641 2282 758 2340 Christo
771 2282 793 2339 J
795 2302 846 2340 esu
860 2282 989 2340 Domino
1002 2288 1110 2338 nostro.

123 2361 222 2421 Lectio
234 2361 363 2421 Actaeam
375 2362 577 2438 Apostolorum
590 2362 632 2440 (v.
651 2363 763 2441 12-16).

126 2442 167 2500 In
187 2443 291 2501 diebus
316 2444 385 2516 illis,
411 2444 469 2502 Per
490 2463 593 2501 manus
616 2444 814 2519 apostolorum
835 2443 945 2500 fiebant
968 2443 1052 2519 signa
1071 2449 1101 2500 et
1122 2442 1255 2518 prodigia

66 2522 163 2580 multa
189 2543 279 2598 aeque
305 2526 346 2582 od
372 2531 403 2582 et
429 2530 550 2583 vexatos
577 2545 595 2581 a
618 2525 769 2600 spiritibus
792 2525 971 2581 immundis:
998 2525 1050 2599 qui
1077 2524 1256 2584 curabantur

66 2622 175 2662 omncs.

124 2683 260 2743 Grodcle.

123 2762 293 2823 Constitues
324 2785 373 2822 eos
399 2766 545 2851 principes
579 2785 665 2842 super
692 2785 808 2824 omnem
835 2772 964 2848 terram:
997 2785 1139 2824 memores
1166 2772 1254 2824 erunt

63 2843 258 2919 noministui‚
273 2847 409 2906 Domine.

65 2925 119 3062 gb
141 2925 201 2984 Pro
213 2927 357 3002 patribus
361 2928 422 2984 tuis
434 2927 500 2985 nati
513 2934 583 2985 sunt
596 2928 654 2987 tibi
666 2927 739 2985 filii:
753 2932 907 3004 propterea
919 2928 1021 3004 populi
1034 2928 1254 2986 confitebuntur

109 3026 128 3063 1.

122 3165 163 3225 In
183 3186 300 3225 omnem
313 3174 422 3226 terram
436 3169 531 3226 exivit
551 3189 639 3227 sonus
659 3188 777 3227 eorum:
798 3175 828 3226 et
841 3169 873 3225 in
886 3169 959 3226 fines
972 3169 1051 3226 orbis
1063 3175 1150 3226 terre
1163 3169 1253 3226 verba

65 3265 172 3305 eorum.

69 3326 98 3384 V.
120 3327 194 3386 oaeli
213 3334 353 3386 enarrant
366 3329 488 3406 gloriam
502 3330 582 3388 Dei:
602 3337 633 3388 et
646 3349 735 3407 opera
747 3349 888 3387 manuum
909 3330 972 3406 ejus
986 3330 1145 3386 annuntiat
1157 3329 1251 3385 firma-

64 3413 205 3466 mentum

124 3487 259 3547 Grodclc.

122 3568 223 3627 Nimis
236 3569 374 3627 honorati
393 3575 464 3628 sunt
483 3571 570 3628 amici
583 3571 639 3644 tui,
654 3571 751 3629 Deus:
772 3570 861 3628 nimis
882 3571 1063 3628 confortatus
1083 3575 1128 3628 est
1146 3569 1251 3645 princi-

64 3653 151 3724 patus
165 3669 273 3707 eorum.
304 3720 307 3726 ἱ

70 3729 98 3788 V.
121 3728 323 3788 Dinumerabo
337 3750 402 3788 eos:
415 3738 446 3789 et
459 3751 545 3807 super
558 3752 677 3789 arenam
690 3732 779 3790 maris
789 3732 1073 3808 multiplicabuntur.
1162 3735 1165 3740 “

121 3809 270 3887 Alleluya
317 3810 347 3870 V.
370 3811 410 3868 In
433 3831 549 3870 omnem
571 3819 683 3871 terram
701 3813 796 3870 exivit
819 3832 908 3870 sonus
928 3833 1049 3870 eorum:
1072 3810 1156 3870 etin
1175 3810 1248 3867 fines

64 3891 142 3949 orbis
154 3896 243 3949 terrae
256 3892 346 3950 verba
359 3912 467 3950 eorum.

122 3971 270 4048 Alleluya.
318 3972 348 4031 V.
381 3973 480 4030 Nimis
499 3972 638 4032 honorati
664 3979 734 4031 sunt
760 3974 848 4031 amici
868 3974 923 4045 tui,
946 3975 1049 4031 Deus:
1070 3971 1160 4029 nimis
1181 3989 1248 4029 oon·

63 4050 189 4109 fortatus
202 4058 248 4110 est
260 4053 442 4129 principatus
455 4072 564 4112 eorum.

120 4132 268 4208 Alleluya
316 4133 346 4191 V.
368 4134 440 4191 Non
454 4153 505 4191 vos
524 4154 571 4191 me
566 4123 646 4210 ’gele
630 4134 729 4191 tristis:
750 4134 800 4191 sed
814 4154 866 4210 ego
879 4153 931 4191 vos
944 4133 1026 4210 elegi,
1042 4138 1072 4190 et
1085 4131 1171 4209 posui
1184 4150 1246 4204 vos,

62 4217 98 4269 ut
111 4213 192 4286 eatis,
208 4219 239 4271 et
251 4214 382 4271 fructum
395 4214 531 4283 afferatis,
546 4221 577 4272 et
592 4215 706 4272 fructus
718 4220 816 4271 vester
828 4220 953 4271 maneat.

120 4293 267 4370 Alleluya
316 4294 345 4354 V.
362 4294 421 4352 Per
430 4313 536 4352 manus
545 4300 644 4353 autem
653 4295 850 4372 apostolorum
858 4293 998 4352 fiebant
976 4313 1059 4372 signa
1072 4299 1103 4352 et
1115 4291 1249 4372 prodigia

62 4372 178 4431 multa
169 4393 203 4430 ιιι
215 4374 309 4451 plebe.

120 4453 162 4513 Ia
173 4455 258 4514 Festo
268 4454 360 4513 waiae
373 4455 430 4514 cive
438 4455 637 4532 plurimorccn
650 4455 849 4534 apostoloram.
