2946 5002
147 369 208 432 116
605 366 701 432 Foeta
725 364 878 433 Octobris.

102 501 106 508 ’
204 531 407 608 attactam.
449 532 589 610 vigete.

207 613 400 688 Offertora‘um.
442 613 558 671 Inveni.

204 693 335 850 &iiia
346 773 440 846 nobie,
455 746 590 846 Domine,
605 774 699 850 prosit
713 773 842 845 oblati03
862 791 927 848 quae
941 791 994 829 noe
1008 777 1039 830 et
1052 791 1070 828 a
1082 771 1214 828 reatibus
1230 771 1341 828 nostrie

144 855 289 932 expediat,
305 860 335 913 et
348 862 491 932 perpetua
503 853 665 912 salvatione
678 855 838 912 confirmet.
882 853 947 910 Per.

206 935 386 994 Oenomaum.
429 935 566 1006 Domine,
580 935 718 1011 quinque.

203 1016 444 1074 Poeteomrreaaio.
692 1058 694 1061 -

204 1097 387 1170 Quaesumus,
401 1096 587 1172 omnipotens
601 1096 690 1168 Deue,
706 1100 741 1153 ut
754 1101 870 1153 reatum
882 1100 1017 1152 nostrum
1031 1114 1154 1152 munera
1167 1114 1249 1153 eacra
1261 1092 1342 1171 puri-

142 1175 239 1253 ficent,
255 1183 285 1235 et
299 1183 377 1235 reete
390 1177 512 1234 vivendi
524 1177 609 1234 nobie
622 1182 781 1253 operentur
796 1176 939 1234 effectum.
983 1176 1048 1235 Per.

263 1357 374 1416 Senem
394 1357 581 1428 Wumeam,
603 1373 737 1416 uereoorr
758 1374 796 1414 er
816 1372 1020 1416 courmeome.
1066 1356 1122 1435 (Id.
1140 1356 1219 1434 Oct.)

205 1471 345 1547 Officium.
389 1473 504 1531 Statuit
517 1473 552 1530 ei

206 1553 316 1625 Oratio,
331 1553 366 1612 da
380 1550 558 1633 Communi}

203 1634 344 1710 Epistola.
387 1634 463 1692 ane
476 1633 615 1692 eaoerdoe.

204 1713 339 1772 Gratata
381 1715 518 1787 Domine,
533 1713 709 1791 praevenisti.

201 1795 351 1870 Alleluya.
400 1795 429 1853 V.
452 1795 562 1852 Inveni
575 1793 684 1852 David.

201 1875 401 1950 Eoorryelr‘vma
445 1875 545 1933 Homo
559 1875 679 1951 quidam
692 1894 819 1951 peregre.

203 1955 394 2029 Offertore'wm.
436 1955 565 2014 Veritae

201 2034 383 2096 Ooormrmio.
426 2036 537 2094 Fidelis
550 2055 661 2094 servus.

348 2207 461 2266 Senem
481 2207 583 2277 Lucre,
604 2221 825 2265 avauoamern
868 2207 928 2282 (xv.
946 2206 1016 2264 Kal.
1033 2205 1124 2283 Nov.)
1179 2231 1188 2247 ·

202 2321 342 2398 Officium.
385 2323 424 2379 In
437 2322 543 2381 medio.

203 2403 313 2463 Oratio.

198 2483 384 2542 Interveniat
410 2502 464 2560 pro
491 2482 584 2555 nobie,
613 2503 788 2559 quaeeumue,
817 2482 953 2552 Domine,
982 2488 1100 2540 sanctus
1134 2488 1204 2541 tuue
1239 2481 1334 2540 Lucae

138 2565 326 2642 evangelista,
341 2564 394 2641 qui
414 2564 508 2621 erucis
531 2564 787 2622 mortificationem
807 2564 921 2640 jugiter
942 2563 975 2620 in
998 2582 1051 2621 euo
1075 2582 1193 2640 corpore
1213 2582 1267 2638 pro
1289 2563 1335 2620 tui

139 2646 268 2704 nominis
281 2646 392 2702 honore
406 2644 545 2721 portavit.
590 2644 654 2702 Per.

198 2725 343 2784 Memoria
356 2726 391 2782 de
404 2734 502 2783 rareto
514 2723 603 2783 Jueto
616 2734 752 2799 martyre,
768 2730 803 2782 at
816 2726 850 2782 ta
865 2724 1029 2784 Communi.

199 2805 341 2882 Epistola.
384 2804 556 2881 Unicuique
569 2811 712 2864 nostrum.

200 2885 335 2945 Grodala
379 2885 421 2943 Oe
430 2885 513 2961 jueti.

197 2966 348 3042 Alleluya.
397 2965 425 3024 V.
449 2965 568 3023 Primus
581 2964 619 3022 ad
631 2965 712 3024 Sion.

197 3045 360 3123 Sequentia.
401 3047 424 3105 J
425 3046 578 3119 ooundare,
594 3054 628 3104 ret
640 3047 675 3104 ire
689 3045 854 3108 emanant.

196 3127 399 3203 Evarrqelr'arn.
442 3127 618 3204 Designavit
632 3127 788 3186 Dominus.

199 3209 301 3267 Oredo.

200 3288 391 3364 Offirtorirrrra
433 3287 572 3346 Poeuieti.

198 3370 318 3429 Secreto.

198 3450 293 3510 Donis
313 3448 477 3508 caelestibus
490 3448 528 3507 da
541 3448 634 3521 nobie,
650 3470 825 3526 quaeeumue,
841 3449 979 3521 Domino,
993 3449 1086 3507 libera
1098 3454 1197 3507 mente
1211 3449 1330 3521 servire,

137 3539 173 3590 ut
186 3551 309 3590 munera
322 3551 386 3608 quae
400 3530 457 3588 tibi
470 3529 635 3603 deferimus,
651 3531 867 3589 interveniente
880 3532 966 3590 beato
980 3529 1160 3608 evangelista
1173 3535 1227 3588 tuo
1241 3530 1330 3599 Luca,

136 3620 169 3672 et
181 3613 325 3671 medelam
337 3611 422 3669 nobie
435 3617 595 3687 operentur
607 3616 638 3668 et
651 3611 782 3688 gloriam.

199 3693 380 3752 coemento.
423 3691 535 3768 Magna
549 3697 601 3751 eet.

196 3773 438 3832 Poetrorremrtrer'o.

196 3855 318 3926 Praesta,
342 3871 518 3931 quaeeumue,
542 3852 728 3928 omnipotens
752 3858 859 3910 aeterne
883 3854 973 3926 Deue,
999 3860 1034 3911 ut
1058 3853 1136 3930 quod
1162 3852 1198 3910 de
1226 3859 1329 3910 eanoto

133 3935 223 3993 altari
244 3942 298 3993 tuo
321 3934 491 4011 aoeepimue,
514 3933 647 4010 precibus
670 3933 751 3990 beati
774 3934 960 4010 evangelista
984 3934 1030 3992 tui
1054 3934 1142 3994 Luoae
1166 3933 1329 3992 eanotifioet

132 4017 245 4076 animae
259 4022 382 4087 nostrae,
397 4033 450 4092 per
464 4014 543 4089 quod
557 4013 618 4071 tuti
631 4032 692 4072 esee
705 4013 857 4090 poseimue.
900 4014 965 4073 Per.

265 4194 305 4251 Iu
326 4192 425 4250 Puero
446 4206 626 4249 eauoraeuu
646 4189 875 4259 Rmroumaou,
919 4192 991 4267 (xiv.
1008 4192 1077 4250 Kal.
1094 4191 1187 4268 Nov.)

194 4317 334 4392 Officium.
377 4315 561 4392 Sapientiam
574 4319 752 4372 sanatorum.

195 4397 304 4456 Oratio.

191 4477 358 4554 Propitiare
380 4477 474 4552 nobie,
497 4495 672 4554 quaesumus,
694 4475 830 4550 Domine,
853 4476 972 4536 famulis
996 4477 1056 4536 tuis
1079 4497 1132 4554 per
1156 4484 1325 4536 sanctorum
