2946 5002
136 341 198 402 loo
328 336 377 402 Iri
393 336 710 402 Commemoratione
726 337 825 402 beotoe
838 335 964 402 Murice
984 336 1147 422 Virginis.

196 502 330 562 (deodate.

194 584 331 642 Christus
350 583 446 641 factus
466 590 511 641 est
530 604 584 660 pro
604 585 690 641 nobis
710 584 849 642 obediens
871 604 964 661 usque
986 584 1023 642 ad
1044 590 1190 642 mortem:
1211 589 1335 643 mortem

134 671 235 722 autem
249 666 353 722 crucis.

142 746 173 804 V.
198 746 325 822 Propter
337 745 416 822 quod
429 751 461 802 et
474 745 556 802 Deus
570 746 713 803 exaltavit
727 745 831 804 illum:
851 753 881 804 et
895 745 977 803 dedit
997 745 1043 802 illi
1063 765 1171 803 nomen
1192 746 1275 822 quod
1294 753 1338 804 est

136 846 224 903 super
237 846 324 883 omne
337 846 452 883 nomen.

195 907 345 983 Alleluya.
393 907 422 965 V.
449 906 545 964 Dulce
567 906 690 983 lignum,
713 907 811 964 dulces
833 906 937 979 clavos,
960 906 1057 964 dulcia
1078 907 1175 964 ferens
1198 908 1337 984 pondera,

136 1008 201 1064 quae
215 988 276 1045 solu
289 988 374 1045 fuisti
387 987 477 1064 digna
489 989 633 1045 sustinere
646 1007 745 1064 regem
759 988 895 1045 caelorum
909 994 940 1045 et
954 987 1125 1046 Dominum.

193 1068 358 1144 Sequentia.
403 1069 520 1126 Laudes
534 1069 636 1127 crucis.

195 1150 363 1208 Secundum
376 1149 551 1206 Mettliaeum
564 1149 627 1226 (aar.
646 1149 695 1206 17-
697 1148 760 1226 19)

196 1231 235 1288 In
248 1231 301 1288 illo
314 1237 454 1306 tempore,
466 1230 638 1287 Ascendens
650 1230 672 1288 J
673 1250 739 1286 esus
753 1230 999 1306 Hierosolymam,
1014 1230 1172 1306 assumpsit
1185 1229 1339 1288 duodecim

136 1311 293 1388 discipulos
306 1332 396 1386 usque
410 1312 450 1368 ad
463 1311 553 1368 tertio
567 1311 615 1368 die
628 1316 767 1386 resurget.

197 1392 364 1450 Secundum
377 1390 544 1449 Jotenmm
556 1391 626 1468 (ccii
644 1392 692 1448 31-
695 1392 731 1447 36
733 1392 758 1468 )

197 1472 237 1531 In
251 1473 302 1529 illo
316 1479 454 1548 tempore,
469 1472 558 1529 Dixit
570 1472 593 1530 J
594 1492 659 1530 esus
672 1473 786 1543 turbis;
808 1471 897 1530 Nunc
915 1478 960 1529 est
977 1471 1126 1548 judicium
1139 1492 1232 1547 usque
1245 1471 1288 1530 ud
1305 1479 1340 1530 ut

138 1553 193 1610 filii
206 1553 281 1611 lucis
294 1553 367 1610 sitis.

200 1633 392 1708 offertorium.

201 1715 336 1791 Protege,
351 1714 487 1786 Domine,
499 1715 614 1791 plebem
627 1721 711 1773 tuam
724 1733 777 1790 per
790 1713 907 1790 signum
922 1721 1029 1772 sanctae
1043 1715 1137 1772 crucis
1151 1714 1189 1771 ab
1202 1713 1340 1771 omnibus

138 1795 252 1853 insidiis
266 1796 453 1853 inimicorum
467 1796 617 1854 omnium:
638 1803 673 1853 ut
687 1796 743 1852 tibi
756 1801 871 1871 gratam
894 1796 1084 1852 exhibeamus
1103 1795 1289 1866 servitutem,
1311 1800 1341 1851 et

138 1878 315 1953 acceptabile
329 1877 386 1933 tibi
400 1877 452 1934 fiat
465 1877 640 1935 sacrificium
653 1882 797 1948 nostrum,
812 1875 949 1953 alleluya.

199 1956 321 2016 Secreto.

200 2037 275 2096 Haeo
297 2039 417 2111 oblatio,
436 2038 572 2110 Domine,
587 2057 761 2114 quaesumus,
784 2039 821 2095 ab
843 2038 979 2094 omnibus
1000 2057 1054 2094 nos
1078 2044 1184 2114 purget
1206 2036 1324 2094 offensis
1334 2056 1342 2107 ;

140 2138 205 2195 quae
226 2120 259 2176 in
282 2140 335 2177 ara
355 2120 449 2176 crucis
472 2120 624 2176 immolate
647 2120 737 2177 etiam
760 2119 853 2176 totius
881 2119 984 2175 mundi
1011 2118 1083 2176 tulit
1107 2119 1241 2176 offensas.
1285 2117 1343 2174 Per

136 2200 273 2259 eundem.

200 2280 349 2355 Praefatio.
395 2280 454 2349 Qui
468 2281 601 2337 salutem.

203 2360 383 2419 Ooinmueiu

203 2441 261 2499 Per
274 2442 388 2518 lignum
402 2441 480 2498 servi
492 2441 564 2499 facti
577 2460 695 2498 sumus:
710 2447 801 2518 etper
814 2445 945 2498 sanctam
959 2459 1075 2498 crucem
1088 2439 1208 2498 liberati
1222 2458 1341 2497 sumus:

141 2523 257 2581 fructus
270 2524 382 2580 arboris
396 2523 514 2580 seduxit
527 2543 582 2579 nos
593 2545 599 2581 :
620 2523 714 2579 Filius
728 2523 787 2580 Dei
801 2522 926 2579 redemit
936 2542 999 2592 nos,
1011 2522 1146 2597 alleluya.

203 2603 442 2661 Poetcommunio.

203 2684 317 2741 Adesto
338 2685 432 2755 nobis,
456 2683 584 2741 Domine
606 2684 688 2741 Deus
709 2690 826 2756 noster3
855 2688 886 2740 et
909 2703 982 2760 quos
1005 2688 1112 2740 sanctae
1130 2683 1225 2740 crucis
1249 2681 1345 2739 laetari

143 2764 215 2822 iacis
227 2765 346 2836 honore,
361 2766 424 2839 ejus
437 2784 553 2840 quoque
566 2765 715 2840 perpetuis
729 2764 852 2822 defende
865 2765 1009 2822 subsidiis.
1054 2763 1119 2821 Per.

514 3018 563 3075 Dn
584 3018 714 3076 Donum
734 3035 768 3076 ιιι
788 3020 952 3077 Anvnnru.

207 3165 372 3241 Officiiuu.
391 3165 503 3225 Rorate
513 3166 577 3225 caeli
590 3167 722 3243 desuper,
737 3186 832 3242 quiere
849 3166 938 3225 Ferte
950 3174 1058 3242 quartu
1067 3173 1134 3245 post
1148 3163 1339 3222 Dominicam

147 3247 262 3306 tertiam
275 3232 433 3305 Adventus.

208 3328 318 3387 Oratio.

207 3410 298 3481 Deus,
313 3409 366 3486 qui
389 3408 425 3466 de
447 3408 540 3465 beatae
565 3408 671 3467 Mariae
692 3430 807 3487 semper
829 3409 955 3487 virginis
978 3415 1063 3466 utero
1085 3407 1221 3465 Verbum
1237 3409 1336 3478 tuum,

145 3491 248 3584 angelo
268 3491 436 3560 nuntiante,
452 3508 569 3546 carnem
593 3491 738 3568 suscipere
762 3491 903 3549 voluisti
895 3497 1030 3567 ,praesta
1053 3487 1236 3566 supplicibus
1263 3486 1334 3558 tuis,

146 3572 248 3649 utqui
258 3591 327 3628 vere
341 3590 405 3627 eam
419 3570 591 3645 genitricem
605 3571 664 3629 Dei
683 3573 829 3630 credimus
830 3573 915 3648 ,ojus
929 3572 1007 3649 apud
1027 3577 1058 3628 te
1075 3567 1340 3663 intercessionibus

145 3654 329 3730 adjuvemur
373 3651 433 3708 Per
446 3651 581 3721 eundem.

207 3733 303 3791 Lectio
318 3732 417 3790 Esaiae
432 3715 586 3806 Prophetae.

207 3815 247 3871 In
268 3814 371 3871 diebus
393 3812 462 3883 illis,
487 3813 618 3870 Locutus
640 3820 685 3870 est
709 3814 857 3872 Dominus
874 3815 912 3872 ad
933 3813 1043 3885 Achaz,
1059 3814 1158 3871 dicens
1181 3829 1274 3885 usque
1298 3809 1340 3866 ed

147 3895 254 3972 eligere
267 3896 387 3967 bonum,
402 3912 496 3969 quaere
510 3893 561 3952 ubi
571 3902 611 3951 est
626 3892 767 3970 Officium.

209 3975 344 4035 Gaudete.
387 3972 494 4032 Tollite
507 3981 616 4051 portes,
630 3975 785 4053 principes,
800 3981 919 4034 vestras.

154 4058 183 4116 V.
207 4057 281 4127 Quis
293 4056 440 4114 ascendat.

206 4137 355 4213 Alleluya.
404 4137 433 4195 V.
456 4138 526 4194 Ave
547 4135 652 4210 Maria,
668 4137 763 4214 gratia
775 4137 870 4214 plena,
887 4138 1034 4196 Dominus
1054 4141 1152 4195 tecum
1162 4155 1171 4208 ;
1185 4137 1341 4197 benedicta

147 4225 184 4277 tu
197 4219 230 4276 in
243 4218 425 4276 mulieribus.

207 4299 370 4375 Sequentia.
414 4299 515 4357 Mittit
528 4298 728 4376 advirginem.

208 4380 279 4437 lau
292 4379 456 4455 Sequentia.
499 4380 611 4438 Missus
625 4379 753 4438 Gabriel.
790 4430 792 4435 ,
838 4410 840 4415 ·

209 4459 280 4519 Atria
293 4460 457 4535 Sequentia.
500 4461 634 4519 Verbum
648 4461 758 4518 bonum
772 4467 803 4519 et
816 4481 913 4534 suave,
928 4471 961 4520 ut
975 4462 1009 4520 iu
1024 4459 1201 4524 Communi.-
