<?xml version="1.0" encoding="UTF-8"?>
<!DOCTYPE html PUBLIC "-//W3C//DTD XHTML 1.0 Transitional//EN"
    "http://www.w3.org/TR/xhtml1/DTD/xhtml1-transitional.dtd">
<html xmlns="http://www.w3.org/1999/xhtml" xml:lang="en" lang="en">
 <head>
  <title>
</title>
<meta http-equiv="Content-Type" content="text/html;charset=utf-8" />
  <meta name='ocr-system' content='tesseract 3.04.00' />
  <meta name='ocr-capabilities' content='ocr_page ocr_carea ocr_par ocr_line ocrx_word'/>
</head>
<body>
  <div class='ocr_page' id='page_1' title='image "./missaleadusumin02churgoog_0155.png"; bbox 0 0 2946 5002; ppageno 0'>
   <div class='ocr_carea' id='block_1_1' title="bbox 196 370 952 439">
    <p class='ocr_par' dir='ltr' id='par_1_1' title="bbox 196 370 952 439">
     <span class='ocr_line' id='line_1_1' title="bbox 196 370 952 439; baseline -0.005 -1"><span class='ocrx_word' id='word_1_1' title='bbox 196 377 258 439; x_wconf 74' lang='lat'>126</span> <span class='ocrx_word' id='word_1_2' title='bbox 632 372 728 437; x_wconf 82' lang='lat' dir='ltr'>Festo</span> <span class='ocrx_word' id='word_1_3' title='bbox 748 370 952 438; x_wconf 71' lang='lat' dir='ltr'>Nouembris</span> 
     </span>
    </p>
   </div>
   <div class='ocr_carea' id='block_1_2' title="bbox 192 537 1408 1663">
    <p class='ocr_par' dir='ltr' id='par_1_2' title="bbox 193 537 1115 615">
     <span class='ocr_line' id='line_1_2' title="bbox 193 537 1115 615; baseline -0.002 -17"><span class='ocrx_word' id='word_1_4' title='bbox 193 539 277 598; x_wconf 91' lang='lat' dir='ltr'>Huic</span> <span class='ocrx_word' id='word_1_5' title='bbox 291 538 474 597; x_wconf 84' lang='lat' dir='ltr'><strong>Francorum</strong></span> <span class='ocrx_word' id='word_1_6' title='bbox 487 545 576 615; x_wconf 91' lang='lat' dir='ltr'>atque</span> <span class='ocrx_word' id='word_1_7' title='bbox 590 538 757 596; x_wconf 73' lang='lat' dir='ltr'>Germaniae</span> <span class='ocrx_word' id='word_1_8' title='bbox 770 537 854 614; x_wconf 89' lang='lat' dir='ltr'>plebs</span> <span class='ocrx_word' id='word_1_9' title='bbox 867 537 962 594; x_wconf 90' lang='lat' dir='ltr'>omnis</span> <span class='ocrx_word' id='word_1_10' title='bbox 974 537 1115 614; x_wconf 80' lang='lat' dir='ltr'>plaudat3</span> 
     </span>
    </p>

    <p class='ocr_par' dir='ltr' id='par_1_3' title="bbox 196 617 1026 690">
     <span class='ocr_line' id='line_1_3' title="bbox 196 617 1026 690; baseline 0 -14"><span class='ocrx_word' id='word_1_11' title='bbox 196 621 311 690; x_wconf 77' lang='lat' dir='ltr'>Quibus</span> <span class='ocrx_word' id='word_1_12' title='bbox 324 620 484 678; x_wconf 88' lang='lat' dir='ltr'>videndum</span> <span class='ocrx_word' id='word_1_13' title='bbox 498 617 631 677; x_wconf 54' lang='lat' dir='ltr'>invexit*</span> <span class='ocrx_word' id='word_1_14' title='bbox 645 620 808 676; x_wconf 92' lang='lat' dir='ltr'>Dominum</span> <span class='ocrx_word' id='word_1_15' title='bbox 822 620 854 675; x_wconf 89' lang='lat' dir='ltr'>in</span> <span class='ocrx_word' id='word_1_16' title='bbox 868 638 922 676; x_wconf 88' lang='lat' dir='ltr'>sua</span> <span class='ocrx_word' id='word_1_17' title='bbox 935 624 1026 676; x_wconf 83' lang='lat' dir='ltr'>veste.</span> 
     </span>
    </p>

    <p class='ocr_par' dir='ltr' id='par_1_4' title="bbox 194 699 1364 777">
     <span class='ocr_line' id='line_1_4' title="bbox 194 699 1364 777; baseline 0 -19"><span class='ocrx_word' id='word_1_18' title='bbox 194 700 256 758; x_wconf 92' lang='lat' dir='ltr'>Hic</span> <span class='ocrx_word' id='word_1_19' title='bbox 269 700 390 758; x_wconf 88' lang='lat' dir='ltr'>celebris</span> <span class='ocrx_word' id='word_1_20' title='bbox 403 707 448 758; x_wconf 92' lang='lat' dir='ltr'>est</span> <span class='ocrx_word' id='word_1_21' title='bbox 461 700 588 777; x_wconf 84' lang='lat' dir='ltr'>AEgypti</span> <span class='ocrx_word' id='word_1_22' title='bbox 601 700 764 776; x_wconf 69' lang='lat' dir='ltr'>partibust</span> <span class='ocrx_word' id='word_1_23' title='bbox 778 699 898 758; x_wconf 80' lang='lat' dir='ltr'>Graeciae</span> <span class='ocrx_word' id='word_1_24' title='bbox 912 718 1028 775; x_wconf 91' lang='lat' dir='ltr'>quoque</span> <span class='ocrx_word' id='word_1_25' title='bbox 1042 699 1155 756; x_wconf 88' lang='lat' dir='ltr'>cunctis</span> <span class='ocrx_word' id='word_1_26' title='bbox 1168 700 1364 776; x_wconf 87' lang='lat' dir='ltr'>sapientibus,</span> 
     </span>
    </p>

    <p class='ocr_par' dir='ltr' id='par_1_5' title="bbox 195 781 1254 857">
     <span class='ocr_line' id='line_1_5' title="bbox 195 781 1254 857; baseline 0.002 -19"><span class='ocrx_word' id='word_1_27' title='bbox 195 782 254 851; x_wconf 81' lang='lat' dir='ltr'>Qui</span> <span class='ocrx_word' id='word_1_28' title='bbox 269 782 394 857; x_wconf 88' lang='lat' dir='ltr'>impares</span> <span class='ocrx_word' id='word_1_29' title='bbox 408 801 438 839; x_wconf 87' lang='lat' dir='ltr'>se</span> <span class='ocrx_word' id='word_1_30' title='bbox 453 781 579 838; x_wconf 89' lang='lat' dir='ltr'>Martini</span> <span class='ocrx_word' id='word_1_31' title='bbox 592 781 706 838; x_wconf 88' lang='lat' dir='ltr'>meritis</span> <span class='ocrx_word' id='word_1_32' title='bbox 719 781 853 838; x_wconf 77' lang='lat' dir='ltr'>sentirmt</span> <span class='ocrx_word' id='word_1_33' title='bbox 865 786 955 856; x_wconf 89' lang='lat' dir='ltr'>atque</span> <span class='ocrx_word' id='word_1_34' title='bbox 969 782 1032 857; x_wconf 92' lang='lat' dir='ltr'>ejus</span> <span class='ocrx_word' id='word_1_35' title='bbox 1046 781 1254 840; x_wconf 77' lang='lat' dir='ltr'><strong>medicamini:</strong></span> 
     </span>
    </p>

    <p class='ocr_par' dir='ltr' id='par_1_6' title="bbox 194 860 1277 937">
     <span class='ocr_line' id='line_1_6' title="bbox 194 860 1277 937; baseline -0.002 -16"><span class='ocrx_word' id='word_1_36' title='bbox 194 862 226 921; x_wconf 91' lang='lat' dir='ltr'>N</span> <span class='ocrx_word' id='word_1_37' title='bbox 227 882 275 919; x_wconf 91' lang='lat' dir='ltr'>am</span> <span class='ocrx_word' id='word_1_38' title='bbox 288 861 384 919; x_wconf 83' lang='lat' dir='ltr'><strong>febres</strong></span> <span class='ocrx_word' id='word_1_39' title='bbox 397 862 479 920; x_wconf 87' lang='lat' dir='ltr'>sedat</span> <span class='ocrx_word' id='word_1_40' title='bbox 492 861 687 936; x_wconf 87' lang='lat' dir='ltr'>demonesquc</span> <span class='ocrx_word' id='word_1_41' title='bbox 700 860 793 937; x_wconf 86' lang='lat' dir='ltr'>fugat,</span> <span class='ocrx_word' id='word_1_42' title='bbox 807 861 970 937; x_wconf 86' lang='lat' dir='ltr'>paralytica</span> <span class='ocrx_word' id='word_1_43' title='bbox 980 860 1115 917; x_wconf 89' lang='lat' dir='ltr'>membra</span> <span class='ocrx_word' id='word_1_44' title='bbox 1128 861 1277 937; x_wconf 73' lang='lat' dir='ltr'>glutinat,</span> 
     </span>
    </p>

    <p class='ocr_par' dir='ltr' id='par_1_7' title="bbox 195 941 1188 1019">
     <span class='ocr_line' id='line_1_7' title="bbox 195 941 1188 1019; baseline 0.001 -21"><span class='ocrx_word' id='word_1_45' title='bbox 195 943 237 999; x_wconf 87' lang='lat' dir='ltr'>Et</span> <span class='ocrx_word' id='word_1_46' title='bbox 251 949 435 1000; x_wconf 86' lang='lat' dir='ltr'>mortuorum</span> <span class='ocrx_word' id='word_1_47' title='bbox 448 962 501 1000; x_wconf 84' lang='lat' dir='ltr'>sua</span> <span class='ocrx_word' id='word_1_48' title='bbox 514 962 599 1019; x_wconf 84' lang='lat' dir='ltr'>prece</span> <span class='ocrx_word' id='word_1_49' title='bbox 614 944 708 999; x_wconf 88' lang='lat' dir='ltr'>trium</span> <span class='ocrx_word' id='word_1_50' title='bbox 721 941 818 999; x_wconf 86' lang='lat' dir='ltr'>reddit</span> <span class='ocrx_word' id='word_1_51' title='bbox 831 961 953 1018; x_wconf 87' lang='lat' dir='ltr'>corpora</span> <span class='ocrx_word' id='word_1_52' title='bbox 964 941 1035 997; x_wconf 85' lang='lat' dir='ltr'>vitae</span> <span class='ocrx_word' id='word_1_53' title='bbox 1049 942 1188 1018; x_wconf 75' lang='lat' dir='ltr'>pristinae</span> 
     </span>
    </p>

    <p class='ocr_par' dir='ltr' id='par_1_8' title="bbox 194 1021 1331 1100">
     <span class='ocr_line' id='line_1_8' title="bbox 194 1021 1331 1100; baseline -0.002 -20"><span class='ocrx_word' id='word_1_54' title='bbox 194 1022 256 1081; x_wconf 91' lang='lat' dir='ltr'>Hic</span> <span class='ocrx_word' id='word_1_55' title='bbox 270 1025 347 1080; x_wconf 88' lang='lat' dir='ltr'>ritus</span> <span class='ocrx_word' id='word_1_56' title='bbox 360 1024 513 1100; x_wconf 84' lang='lat' dir='ltr'>sacrilegos</span> <span class='ocrx_word' id='word_1_57' title='bbox 527 1023 663 1094; x_wconf 86' lang='lat' dir='ltr'>destruit,</span> <span class='ocrx_word' id='word_1_58' title='bbox 678 1029 708 1080; x_wconf 89' lang='lat' dir='ltr'>et</span> <span class='ocrx_word' id='word_1_59' title='bbox 722 1022 760 1080; x_wconf 90' lang='lat' dir='ltr'>ad</span> <span class='ocrx_word' id='word_1_60' title='bbox 773 1021 886 1080; x_wconf 78' lang='lat' dir='ltr'>Christi</span> <span class='ocrx_word' id='word_1_61' title='bbox 897 1021 1022 1098; x_wconf 83' lang='lat' dir='ltr'>gloriam</span> <span class='ocrx_word' id='word_1_62' title='bbox 1035 1022 1087 1079; x_wconf 91' lang='lat' dir='ltr'>dat</span> <span class='ocrx_word' id='word_1_63' title='bbox 1100 1021 1218 1098; x_wconf 82' lang='lat' dir='ltr'>ignibus</span> <span class='ocrx_word' id='word_1_64' title='bbox 1231 1021 1312 1079; x_wconf 88' lang='lat' dir='ltr'>idola</span> <span class='ocrx_word' id='word_1_65' title='bbox 1324 1042 1331 1091; x_wconf 90' lang='grc'><strong>;</strong></span> 
     </span>
    </p>

    <p class='ocr_par' dir='ltr' id='par_1_9' title="bbox 194 1102 1295 1180">
     <span class='ocr_line' id='line_1_9' title="bbox 194 1102 1295 1180; baseline 0 -20"><span class='ocrx_word' id='word_1_66' title='bbox 194 1104 256 1161; x_wconf 88' lang='lat' dir='ltr'>Hic</span> <span class='ocrx_word' id='word_1_67' title='bbox 269 1104 356 1160; x_wconf 91' lang='lat' dir='ltr'>nudis</span> <span class='ocrx_word' id='word_1_68' title='bbox 370 1104 509 1180; x_wconf 84' lang='lat' dir='ltr'>mysteria</span> <span class='ocrx_word' id='word_1_69' title='bbox 522 1104 649 1160; x_wconf 88' lang='lat' dir='ltr'>brachiis</span> <span class='ocrx_word' id='word_1_70' title='bbox 663 1103 817 1160; x_wconf 91' lang='lat' dir='ltr'>conficiens</span> <span class='ocrx_word' id='word_1_71' title='bbox 831 1103 972 1178; x_wconf 84' lang='lat' dir='ltr'>praeditus</span> <span class='ocrx_word' id='word_1_72' title='bbox 986 1109 1030 1160; x_wconf 89' lang='lat' dir='ltr'>est</span> <span class='ocrx_word' id='word_1_73' title='bbox 1044 1102 1151 1160; x_wconf 84' lang='lat' dir='ltr'>caelesti</span> <span class='ocrx_word' id='word_1_74' title='bbox 1164 1103 1295 1174; x_wconf 88' lang='lat' dir='ltr'>lumine;</span> 
     </span>
    </p>

    <p class='ocr_par' dir='ltr' id='par_1_10' title="bbox 193 1183 1390 1322">
     <span class='ocr_line' id='line_1_10' title="bbox 193 1183 1390 1259; baseline 0.001 -18"><span class='ocrx_word' id='word_1_75' title='bbox 193 1184 255 1242; x_wconf 89' lang='lat' dir='ltr'>Hic</span> <span class='ocrx_word' id='word_1_76' title='bbox 268 1184 361 1242; x_wconf 84' lang='lat' dir='ltr'>oculis</span> <span class='ocrx_word' id='word_1_77' title='bbox 374 1204 408 1241; x_wconf 89' lang='lat' dir='ltr'>ac</span> <span class='ocrx_word' id='word_1_78' title='bbox 421 1185 558 1242; x_wconf 87' lang='lat' dir='ltr'>manibus</span> <span class='ocrx_word' id='word_1_79' title='bbox 571 1185 604 1240; x_wconf 91' lang='lat' dir='ltr'>in</span> <span class='ocrx_word' id='word_1_80' title='bbox 617 1183 721 1241; x_wconf 89' lang='lat' dir='ltr'>caelum</span> <span class='ocrx_word' id='word_1_81' title='bbox 731 1189 761 1242; x_wconf 90' lang='lat' dir='ltr'>et</span> <span class='ocrx_word' id='word_1_82' title='bbox 770 1183 842 1240; x_wconf 88' lang='lat' dir='ltr'>totis</span> <span class='ocrx_word' id='word_1_83' title='bbox 856 1183 970 1241; x_wconf 86' lang='lat' dir='ltr'>viribus</span> <span class='ocrx_word' id='word_1_84' title='bbox 979 1202 1138 1259; x_wconf 90' lang='lat' dir='ltr'>suspensus</span> <span class='ocrx_word' id='word_1_85' title='bbox 1151 1187 1269 1240; x_wconf 85' lang='lat' dir='ltr'>terrena</span> <span class='ocrx_word' id='word_1_86' title='bbox 1282 1189 1390 1242; x_wconf 89' lang='lat' dir='ltr'>cuncta</span> 
     </span>
     <span class='ocr_line' id='line_1_11' title="bbox 274 1265 404 1322; baseline 0 0"><span class='ocrx_word' id='word_1_87' title='bbox 274 1285 320 1322; x_wconf 91' lang='lat' dir='ltr'>res</span> <span class='ocrx_word' id='word_1_88' title='bbox 341 1265 386 1322; x_wconf 91' lang='lat' dir='ltr'>uit</span> <span class='ocrx_word' id='word_1_89' title='bbox 398 1285 404 1297; x_wconf 93' lang='lat'><strong>·</strong></span> 
     </span>
    </p>

    <p class='ocr_par' dir='ltr' id='par_1_11' title="bbox 193 1285 1390 1502">
     <span class='ocr_line' id='line_1_12' title="bbox 193 1285 1390 1422; baseline 0.002 -20"><span class='ocrx_word' id='word_1_90' title='bbox 193 1345 267 1421; x_wconf 86' lang='lat' dir='ltr'>Ejus</span> <span class='ocrx_word' id='word_1_91' title='bbox 288 1285 340 1402; x_wconf 75' lang='lat' dir='ltr'>ori</span> <span class='ocrx_word' id='word_1_92' title='bbox 357 1310 493 1403; x_wconf 76' lang='lat' dir='ltr'>Ohiistus</span> <span class='ocrx_word' id='word_1_93' title='bbox 516 1365 670 1422; x_wconf 87' lang='lat' dir='ltr'>nunquam</span> <span class='ocrx_word' id='word_1_94' title='bbox 693 1344 788 1402; x_wconf 84' lang='lat' dir='ltr'>abfuit</span> <span class='ocrx_word' id='word_1_95' title='bbox 810 1345 872 1401; x_wconf 84' lang='lat' dir='ltr'>sive</span> <span class='ocrx_word' id='word_1_96' title='bbox 892 1344 1011 1421; x_wconf 90' lang='lat' dir='ltr'>justitia</span> <span class='ocrx_word' id='word_1_97' title='bbox 1034 1344 1100 1418; x_wconf 88' lang='lat' dir='ltr'>Dei,</span> <span class='ocrx_word' id='word_1_98' title='bbox 1122 1344 1170 1402; x_wconf 87' lang='lat' dir='ltr'>vel</span> <span class='ocrx_word' id='word_1_99' title='bbox 1190 1344 1331 1420; x_wconf 88' lang='lat' dir='ltr'>quicquid</span> <span class='ocrx_word' id='word_1_100' title='bbox 1350 1345 1390 1404; x_wconf 85' lang='lat' dir='ltr'>ad</span> 
     </span>
     <span class='ocr_line' id='line_1_13' title="bbox 274 1427 633 1502; baseline 0.003 -19"><span class='ocrx_word' id='word_1_101' title='bbox 274 1446 373 1484; x_wconf 86' lang='lat' dir='ltr'>veram</span> <span class='ocrx_word' id='word_1_102' title='bbox 387 1427 482 1483; x_wconf 88' lang='lat' dir='ltr'>vitam</span> <span class='ocrx_word' id='word_1_103' title='bbox 495 1427 633 1502; x_wconf 85' lang='lat' dir='ltr'>pertinet.</span> 
     </span>
    </p>

    <p class='ocr_par' dir='ltr' id='par_1_12' title="bbox 192 1505 1368 1583">
     <span class='ocr_line' id='line_1_14' title="bbox 192 1505 1368 1583; baseline 0 -20"><span class='ocrx_word' id='word_1_104' title='bbox 192 1506 292 1581; x_wconf 86' lang='lat' dir='ltr'>Igitur</span> <span class='ocrx_word' id='word_1_105' title='bbox 305 1512 335 1564; x_wconf 86' lang='lat' dir='ltr'>tc</span> <span class='ocrx_word' id='word_1_106' title='bbox 349 1507 450 1564; x_wconf 88' lang='lat' dir='ltr'>cuncti</span> <span class='ocrx_word' id='word_1_107' title='bbox 461 1506 616 1583; x_wconf 88' lang='lat' dir='ltr'>poscimus,</span> <span class='ocrx_word' id='word_1_108' title='bbox 632 1506 657 1565; x_wconf 92' lang='grc' dir='ltr'><strong>Ο</strong></span> <span class='ocrx_word' id='word_1_109' title='bbox 673 1506 813 1578; x_wconf 82' lang='lat' dir='ltr'>Martinc,</span> <span class='ocrx_word' id='word_1_110' title='bbox 828 1511 863 1562; x_wconf 92' lang='lat' dir='ltr'>ut</span> <span class='ocrx_word' id='word_1_111' title='bbox 877 1505 929 1581; x_wconf 92' lang='lat' dir='ltr'>qui</span> <span class='ocrx_word' id='word_1_112' title='bbox 941 1505 1037 1563; x_wconf 87' lang='lat' dir='ltr'>multa</span> <span class='ocrx_word' id='word_1_113' title='bbox 1051 1506 1126 1563; x_wconf 86' lang='lat' dir='ltr'>mira</span> <span class='ocrx_word' id='word_1_114' title='bbox 1138 1505 1187 1563; x_wconf 92' lang='lat' dir='ltr'>hic</span> <span class='ocrx_word' id='word_1_115' title='bbox 1200 1506 1368 1579; x_wconf 76' lang='lat' dir='ltr'>ostendisti,</span> 
     </span>
    </p>

    <p class='ocr_par' dir='ltr' id='par_1_13' title="bbox 192 1586 1408 1663">
     <span class='ocr_line' id='line_1_15' title="bbox 192 1586 1408 1663; baseline -0.002 -20"><span class='ocrx_word' id='word_1_116' title='bbox 192 1586 293 1644; x_wconf 86' lang='lat' dir='ltr'>Etiam</span> <span class='ocrx_word' id='word_1_117' title='bbox 307 1587 343 1644; x_wconf 85' lang='lat' dir='ltr'>de</span> <span class='ocrx_word' id='word_1_118' title='bbox 357 1586 426 1644; x_wconf 88' lang='lat' dir='ltr'>caelo</span> <span class='ocrx_word' id='word_1_119' title='bbox 439 1587 567 1663; x_wconf 75' lang='lat' dir='ltr'>gratiam</span> <span class='ocrx_word' id='word_1_120' title='bbox 581 1587 693 1644; x_wconf 84' lang='lat' dir='ltr'>Ohristi</span> <span class='ocrx_word' id='word_1_121' title='bbox 706 1587 791 1644; x_wconf 88' lang='lat' dir='ltr'>nobis</span> <span class='ocrx_word' id='word_1_122' title='bbox 805 1587 971 1663; x_wconf 80' lang='lat' dir='ltr'>supplicatu</span> <span class='ocrx_word' id='word_1_123' title='bbox 985 1593 1038 1644; x_wconf 90' lang='lat' dir='ltr'>tuo</span> <span class='ocrx_word' id='word_1_124' title='bbox 1051 1605 1166 1663; x_wconf 89' lang='lat' dir='ltr'>semper</span> <span class='ocrx_word' id='word_1_125' title='bbox 1178 1586 1327 1645; x_wconf 85' lang='lat' dir='ltr'>infundas.</span> <span class='ocrx_word' id='word_1_126' title='bbox 1401 1622 1408 1640; x_wconf 84' lang='lat'>.</span> 
     </span>
    </p>
   </div>
   <div class='ocr_carea' id='block_1_3' title="bbox 190 1683 1391 2325">
    <p class='ocr_par' dir='ltr' id='par_1_14' title="bbox 251 1683 860 1759">
     <span class='ocr_line' id='line_1_16' title="bbox 251 1683 860 1759; baseline 0.003 -19"><span class='ocrx_word' id='word_1_127' title='bbox 251 1683 453 1758; x_wconf 72' lang='lat' dir='ltr'>Evangelium.</span> <span class='ocrx_word' id='word_1_128' title='bbox 496 1684 596 1741; x_wconf 91' lang='lat' dir='ltr'>Homo</span> <span class='ocrx_word' id='word_1_129' title='bbox 610 1684 732 1759; x_wconf 90' lang='lat' dir='ltr'>quidam</span> <span class='ocrx_word' id='word_1_130' title='bbox 745 1684 860 1742; x_wconf 83' lang='lat' dir='ltr'>nobilis</span> 
     </span>
    </p>

    <p class='ocr_par' dir='ltr' id='par_1_15' title="bbox 253 1764 616 1838">
     <span class='ocr_line' id='line_1_17' title="bbox 253 1764 616 1838; baseline 0 -16"><span class='ocrx_word' id='word_1_131' title='bbox 253 1765 445 1838; x_wconf 66' lang='lat' dir='ltr'>Offlrtmium.</span> <span class='ocrx_word' id='word_1_132' title='bbox 488 1764 616 1822; x_wconf 84' lang='lat' dir='ltr'>Veritas.</span> 
     </span>
    </p>

    <p class='ocr_par' dir='ltr' id='par_1_16' title="bbox 251 1845 372 1904">
     <span class='ocr_line' id='line_1_18' title="bbox 251 1845 372 1904; baseline 0 -1"><span class='ocrx_word' id='word_1_133' title='bbox 251 1845 372 1904; x_wconf 80' lang='lat' dir='ltr'>Secreta.</span> 
     </span>
    </p>

    <p class='ocr_par' dir='ltr' id='par_1_17' title="bbox 190 1925 1391 2145">
     <span class='ocr_line' id='line_1_19' title="bbox 252 1925 1391 2002; baseline 0.002 -20"><span class='ocrx_word' id='word_1_134' title='bbox 252 1926 308 1997; x_wconf 89' lang='lat' dir='ltr'>Da,</span> <span class='ocrx_word' id='word_1_135' title='bbox 331 1945 506 2002; x_wconf 88' lang='lat' dir='ltr'>quaesumus,</span> <span class='ocrx_word' id='word_1_136' title='bbox 528 1925 692 1982; x_wconf 85' lang='lat' dir='ltr'>misericors</span> <span class='ocrx_word' id='word_1_137' title='bbox 712 1925 802 1998; x_wconf 90' lang='lat' dir='ltr'>Deus,</span> <span class='ocrx_word' id='word_1_138' title='bbox 823 1932 859 1983; x_wconf 86' lang='lat' dir='ltr'>ut</span> <span class='ocrx_word' id='word_1_139' title='bbox 879 1927 941 1984; x_wconf 86' lang='lat' dir='ltr'>haec</span> <span class='ocrx_word' id='word_1_140' title='bbox 961 1945 1015 1983; x_wconf 88' lang='lat' dir='ltr'>nos</span> <span class='ocrx_word' id='word_1_141' title='bbox 1036 1925 1173 1983; x_wconf 83' lang='lat' dir='ltr'>salutaris</span> <span class='ocrx_word' id='word_1_142' title='bbox 1195 1925 1306 1983; x_wconf 88' lang='lat' dir='ltr'>oblatio</span> <span class='ocrx_word' id='word_1_143' title='bbox 1328 1931 1359 1985; x_wconf 92' lang='lat' dir='ltr'>et</span> <span class='ocrx_word' id='word_1_144' title='bbox 1371 1945 1391 1984; x_wconf 93' lang='lat' dir='ltr'>a</span> 
     </span>
     <span class='ocr_line' id='line_1_20' title="bbox 190 2006 1388 2083; baseline 0.002 -21"><span class='ocrx_word' id='word_1_145' title='bbox 190 2007 317 2083; x_wconf 87' lang='lat' dir='ltr'>propriis</span> <span class='ocrx_word' id='word_1_146' title='bbox 337 2007 538 2063; x_wconf 83' lang='lat' dir='ltr'>indesinenter</span> <span class='ocrx_word' id='word_1_147' title='bbox 557 2006 688 2063; x_wconf 89' lang='lat' dir='ltr'>reatibus</span> <span class='ocrx_word' id='word_1_148' title='bbox 708 2006 854 2082; x_wconf 85' lang='lat' dir='ltr'>expediat,</span> <span class='ocrx_word' id='word_1_149' title='bbox 870 2013 901 2064; x_wconf 91' lang='lat' dir='ltr'>et</span> <span class='ocrx_word' id='word_1_150' title='bbox 914 2007 951 2063; x_wconf 93' lang='lat' dir='ltr'>ab</span> <span class='ocrx_word' id='word_1_151' title='bbox 965 2007 1102 2064; x_wconf 91' lang='lat' dir='ltr'>omnibus</span> <span class='ocrx_word' id='word_1_152' title='bbox 1114 2011 1235 2064; x_wconf 88' lang='lat' dir='ltr'>tueatur</span> <span class='ocrx_word' id='word_1_153' title='bbox 1247 2007 1388 2064; x_wconf 81' lang='lat' dir='ltr'>adversis.</span> 
     </span>
     <span class='ocr_line' id='line_1_21' title="bbox 191 2087 256 2145; baseline -0.031 0"><span class='ocrx_word' id='word_1_154' title='bbox 191 2087 256 2145; x_wconf 86' lang='lat' dir='ltr'>Per.</span> 
     </span>
    </p>

    <p class='ocr_par' dir='ltr' id='par_1_18' title="bbox 250 2166 478 2243">
     <span class='ocr_line' id='line_1_22' title="bbox 250 2166 478 2243; baseline 0.004 -19"><span class='ocrx_word' id='word_1_155' title='bbox 250 2166 323 2224; x_wconf 78' lang='lat' dir='ltr'>Alio</span> <span class='ocrx_word' id='word_1_156' title='bbox 336 2167 478 2243; x_wconf 75' lang='lat' dir='ltr'>Secretuss</span> 
     </span>
    </p>

    <p class='ocr_par' dir='ltr' id='par_1_19' title="bbox 253 2247 1391 2325">
     <span class='ocr_line' id='line_1_23' title="bbox 253 2247 1391 2325; baseline 0 -21"><span class='ocrx_word' id='word_1_157' title='bbox 253 2247 429 2305; x_wconf 90' lang='lat' dir='ltr'>Muneribus</span> <span class='ocrx_word' id='word_1_158' title='bbox 455 2248 573 2321; x_wconf 85' lang='lat' dir='ltr'>nostris,</span> <span class='ocrx_word' id='word_1_159' title='bbox 598 2266 773 2324; x_wconf 79' lang='lat' dir='ltr'>quaesumus,</span> <span class='ocrx_word' id='word_1_160' title='bbox 797 2248 933 2320; x_wconf 86' lang='lat' dir='ltr'>Domine,</span> <span class='ocrx_word' id='word_1_161' title='bbox 961 2248 1155 2325; x_wconf 88' lang='lat' dir='ltr'>precibusque</span> <span class='ocrx_word' id='word_1_162' title='bbox 1181 2248 1332 2325; x_wconf 87' lang='lat' dir='ltr'>susceptis,</span> <span class='ocrx_word' id='word_1_163' title='bbox 1358 2253 1391 2306; x_wconf 87' lang='lat' dir='ltr'>et</span> 
     </span>
    </p>
   </div>
   <div class='ocr_carea' id='block_1_4' title="bbox 99 2328 1171 2404">
    <p class='ocr_par' dir='ltr' id='par_1_20' title="bbox 99 2328 1171 2404">
     <span class='ocr_line' id='line_1_24' title="bbox 99 2328 1171 2404; baseline 0 -17"><span class='ocrx_word' id='word_1_164' title='bbox 99 2349 101 2353; x_wconf 89' lang='lat'>·</span> <span class='ocrx_word' id='word_1_165' title='bbox 192 2329 356 2387; x_wconf 77' lang='lat' dir='ltr'>caelestibus</span> <span class='ocrx_word' id='word_1_166' title='bbox 369 2348 423 2385; x_wconf 91' lang='lat' dir='ltr'>nos</span> <span class='ocrx_word' id='word_1_167' title='bbox 436 2329 547 2386; x_wconf 83' lang='lat' dir='ltr'>munda</span> <span class='ocrx_word' id='word_1_168' title='bbox 560 2328 716 2404; x_wconf 85' lang='lat' dir='ltr'>mysteriis,</span> <span class='ocrx_word' id='word_1_169' title='bbox 731 2337 761 2386; x_wconf 90' lang='lat' dir='ltr'>et</span> <span class='ocrx_word' id='word_1_170' title='bbox 775 2328 934 2386; x_wconf 89' lang='lat' dir='ltr'>clementer</span> <span class='ocrx_word' id='word_1_171' title='bbox 947 2329 1062 2388; x_wconf 82' lang='lat' dir='ltr'>exaudi</span> <span class='ocrx_word' id='word_1_172' title='bbox 1104 2329 1171 2387; x_wconf 87' lang='lat' dir='ltr'>Per.</span> 
     </span>
    </p>
   </div>
   <div class='ocr_carea' id='block_1_5' title="bbox 188 2408 1391 3129">
    <p class='ocr_par' dir='ltr' id='par_1_21' title="bbox 253 2408 711 2467">
     <span class='ocr_line' id='line_1_25' title="bbox 253 2408 711 2467; baseline 0 0"><span class='ocrx_word' id='word_1_173' title='bbox 253 2408 434 2467; x_wconf 77' lang='lat' dir='ltr'>Uoounonio.</span> <span class='ocrx_word' id='word_1_174' title='bbox 477 2410 588 2466; x_wconf 88' lang='lat' dir='ltr'>Beatus</span> <span class='ocrx_word' id='word_1_175' title='bbox 602 2428 711 2467; x_wconf 87' lang='lat' dir='ltr'>servus.</span> 
     </span>
    </p>

    <p class='ocr_par' dir='ltr' id='par_1_22' title="bbox 251 2490 510 2566">
     <span class='ocr_line' id='line_1_26' title="bbox 251 2490 510 2566; baseline 0.004 -21"><span class='ocrx_word' id='word_1_176' title='bbox 251 2490 510 2566; x_wconf 79' lang='lat' dir='ltr'>Posteommunio.§</span> 
     </span>
    </p>

    <p class='ocr_par' dir='ltr' id='par_1_23' title="bbox 189 2569 1391 2788">
     <span class='ocr_line' id='line_1_27' title="bbox 252 2569 1391 2647; baseline 0.001 -20"><span class='ocrx_word' id='word_1_177' title='bbox 252 2570 374 2643; x_wconf 85' lang='lat' dir='ltr'>Praesta,</span> <span class='ocrx_word' id='word_1_178' title='bbox 402 2590 577 2647; x_wconf 84' lang='lat' dir='ltr'>quaesumus,</span> <span class='ocrx_word' id='word_1_179' title='bbox 606 2570 735 2628; x_wconf 88' lang='lat' dir='ltr'>Domine</span> <span class='ocrx_word' id='word_1_180' title='bbox 762 2570 845 2629; x_wconf 90' lang='lat' dir='ltr'>Deus</span> <span class='ocrx_word' id='word_1_181' title='bbox 872 2578 980 2644; x_wconf 88' lang='lat' dir='ltr'>noster,</span> <span class='ocrx_word' id='word_1_182' title='bbox 1009 2576 1045 2628; x_wconf 89' lang='lat' dir='ltr'>ut</span> <span class='ocrx_word' id='word_1_183' title='bbox 1072 2590 1198 2647; x_wconf 90' lang='lat' dir='ltr'>quorum</span> <span class='ocrx_word' id='word_1_184' title='bbox 1224 2569 1391 2628; x_wconf 84' lang='lat' dir='ltr'>festivitate</span> 
     </span>
     <span class='ocr_line' id='line_1_28' title="bbox 189 2651 1383 2724; baseline 0.003 -19"><span class='ocrx_word' id='word_1_185' title='bbox 189 2651 290 2708; x_wconf 88' lang='lat' dir='ltr'>votiva</span> <span class='ocrx_word' id='word_1_186' title='bbox 304 2656 376 2708; x_wconf 90' lang='lat' dir='ltr'>sunt</span> <span class='ocrx_word' id='word_1_187' title='bbox 388 2657 578 2724; x_wconf 84' lang='lat' dir='ltr'>sacramenta,</span> <span class='ocrx_word' id='word_1_188' title='bbox 594 2671 695 2709; x_wconf 90' lang='lat' dir='ltr'>eorum</span> <span class='ocrx_word' id='word_1_189' title='bbox 719 2651 859 2709; x_wconf 88' lang='lat' dir='ltr'>salutaria</span> <span class='ocrx_word' id='word_1_190' title='bbox 882 2652 967 2709; x_wconf 92' lang='lat' dir='ltr'>nobis</span> <span class='ocrx_word' id='word_1_191' title='bbox 990 2651 1197 2710; x_wconf 88' lang='lat' dir='ltr'>intercessione</span> <span class='ocrx_word' id='word_1_192' title='bbox 1213 2651 1383 2709; x_wconf 88' lang='lat' dir='ltr'>reddantur.</span> 
     </span>
     <span class='ocr_line' id='line_1_29' title="bbox 190 2731 256 2788; baseline 0 0"><span class='ocrx_word' id='word_1_193' title='bbox 190 2731 256 2788; x_wconf 91' lang='lat' dir='ltr'>Per.</span> 
     </span>
    </p>

    <p class='ocr_par' dir='ltr' id='par_1_24' title="bbox 250 2810 1128 2888">
     <span class='ocr_line' id='line_1_30' title="bbox 250 2810 1128 2888; baseline 0.006 -20"><span class='ocrx_word' id='word_1_194' title='bbox 250 2810 320 2868; x_wconf 76' lang='lat' dir='ltr'>Alio</span> <span class='ocrx_word' id='word_1_195' title='bbox 333 2812 592 2888; x_wconf 72' lang='lat' dir='ltr'>Posteommuninu</span> <span class='ocrx_word' id='word_1_196' title='bbox 1126 2869 1128 2873; x_wconf 79' lang='grc'>,</span> 
     </span>
    </p>

    <p class='ocr_par' dir='ltr' id='par_1_25' title="bbox 188 2891 1390 3129">
     <span class='ocr_line' id='line_1_31' title="bbox 251 2891 1390 2968; baseline 0.003 -21"><span class='ocrx_word' id='word_1_197' title='bbox 251 2891 306 2963; x_wconf 89' lang='lat' dir='ltr'>Da,</span> <span class='ocrx_word' id='word_1_198' title='bbox 322 2911 497 2968; x_wconf 87' lang='lat' dir='ltr'>quaesumus,</span> <span class='ocrx_word' id='word_1_199' title='bbox 513 2892 641 2950; x_wconf 86' lang='lat' dir='ltr'>Domine</span> <span class='ocrx_word' id='word_1_200' title='bbox 662 2893 744 2950; x_wconf 90' lang='lat' dir='ltr'>Deus</span> <span class='ocrx_word' id='word_1_201' title='bbox 765 2901 872 2966; x_wconf 87' lang='lat' dir='ltr'>noster,</span> <span class='ocrx_word' id='word_1_202' title='bbox 888 2900 923 2952; x_wconf 91' lang='lat' dir='ltr'>ut</span> <span class='ocrx_word' id='word_1_203' title='bbox 943 2895 1019 2952; x_wconf 85' lang='lat' dir='ltr'>sicut</span> <span class='ocrx_word' id='word_1_204' title='bbox 1041 2901 1160 2952; x_wconf 87' lang='lat' dir='ltr'>tuorum</span> <span class='ocrx_word' id='word_1_205' title='bbox 1183 2912 1390 2951; x_wconf 89' lang='lat' dir='ltr'>commemora·</span> 
     </span>
     <span class='ocr_line' id='line_1_32' title="bbox 188 2972 1386 3059; baseline 0.001 -30"><span class='ocrx_word' id='word_1_206' title='bbox 188 2972 270 3030; x_wconf 89' lang='lat' dir='ltr'>tione</span> <span class='ocrx_word' id='word_1_207' title='bbox 293 2979 463 3030; x_wconf 90' lang='lat' dir='ltr'>sanctorum</span> <span class='ocrx_word' id='word_1_208' title='bbox 489 2974 644 3059; x_wconf 88' lang='lat' dir='ltr'>temporali</span> <span class='ocrx_word' id='word_1_209' title='bbox 669 2975 853 3051; x_wconf 88' lang='lat' dir='ltr'>gratulamur</span> <span class='ocrx_word' id='word_1_210' title='bbox 881 2976 984 3048; x_wconf 87' lang='lat' dir='ltr'>officio,</span> <span class='ocrx_word' id='word_1_211' title='bbox 1009 2976 1053 3033; x_wconf 89' lang='lat' dir='ltr'>ita</span> <span class='ocrx_word' id='word_1_212' title='bbox 1080 2981 1222 3052; x_wconf 82' lang='lat' dir='ltr'>perpetuo</span> <span class='ocrx_word' id='word_1_213' title='bbox 1249 2974 1386 3032; x_wconf 74' lang='lat' dir='ltr'>laetemur</span> 
     </span>
     <span class='ocr_line' id='line_1_33' title="bbox 188 3053 1372 3129; baseline 0 -18"><span class='ocrx_word' id='word_1_214' title='bbox 188 3058 316 3129; x_wconf 88' lang='lat' dir='ltr'>aspectu.</span> <span class='ocrx_word' id='word_1_215' title='bbox 359 3053 425 3112; x_wconf 91' lang='lat' dir='ltr'>Per.</span> <span class='ocrx_word' id='word_1_216' title='bbox 1367 3076 1372 3085; x_wconf 89' lang='lat'><strong>·</strong></span> 
     </span>
    </p>
   </div>
   <div class='ocr_carea' id='block_1_6' title="bbox 229 3210 1346 3389">
    <p class='ocr_par' dir='ltr' id='par_1_26' title="bbox 229 3210 1346 3389">
     <span class='ocr_line' id='line_1_34' title="bbox 229 3210 1346 3289; baseline 0.004 -22"><span class='ocrx_word' id='word_1_217' title='bbox 229 3210 332 3269; x_wconf 78' lang='lat' dir='ltr'>Pumo</span> <span class='ocrx_word' id='word_1_218' title='bbox 353 3227 407 3269; x_wconf 77' lang='lat' dir='ltr'>nna</span> <span class='ocrx_word' id='word_1_219' title='bbox 427 3228 522 3269; x_wconf 73' lang='lat' dir='ltr'>Irrue</span> <span class='ocrx_word' id='word_1_220' title='bbox 543 3211 692 3286; x_wconf 75' lang='lat' dir='ltr'>Ocrsvss,</span> <span class='ocrx_word' id='word_1_221' title='bbox 706 3216 824 3288; x_wconf 83' lang='lat' dir='ltr'>quaudo</span> <span class='ocrx_word' id='word_1_222' title='bbox 830 3218 871 3289; x_wconf 87' lang='lat' dir='ltr'>fit</span> <span class='ocrx_word' id='word_1_223' title='bbox 883 3216 1032 3275; x_wconf 72' lang='lat' dir='ltr'>serodtium</span> <span class='ocrx_word' id='word_1_224' title='bbox 1046 3215 1080 3274; x_wconf 86' lang='lat' dir='ltr'>de</span> <span class='ocrx_word' id='word_1_225' title='bbox 1093 3225 1190 3274; x_wconf 80' lang='lat' dir='ltr'>sancto</span> <span class='ocrx_word' id='word_1_226' title='bbox 1204 3214 1346 3273; x_wconf 81' lang='lat' dir='ltr'>Martiae.</span> 
     </span>
     <span class='ocr_line' id='line_1_35' title="bbox 637 3311 936 3389; baseline 0.01 -21"><span class='ocrx_word' id='word_1_227' title='bbox 637 3311 731 3380; x_wconf 82' lang='lat' dir='ltr'>(Prid.</span> <span class='ocrx_word' id='word_1_228' title='bbox 748 3313 826 3372; x_wconf 91' lang='lat' dir='ltr'>Non.</span> <span class='ocrx_word' id='word_1_229' title='bbox 843 3314 936 3389; x_wconf 74' lang='lat' dir='ltr'>Nor.)</span> 
     </span>
    </p>
   </div>
   <div class='ocr_carea' id='block_1_7' title="bbox 250 3417 670 3491">
    <p class='ocr_par' dir='ltr' id='par_1_27' title="bbox 250 3417 670 3491">
     <span class='ocr_line' id='line_1_36' title="bbox 250 3417 670 3491; baseline 0.005 -16"><span class='ocrx_word' id='word_1_230' title='bbox 250 3417 389 3491; x_wconf 71' lang='lat' dir='ltr'>Officium.</span> <span class='ocrx_word' id='word_1_231' title='bbox 434 3417 604 3476; x_wconf 82' lang='lat' dir='ltr'>Sacerdotes</span> <span class='ocrx_word' id='word_1_232' title='bbox 617 3421 670 3478; x_wconf 87' lang='lat' dir='ltr'>tui.</span> 
     </span>
    </p>
   </div>
   <div class='ocr_carea' id='block_1_8' title="bbox 248 3497 660 3638">
    <p class='ocr_par' dir='ltr' id='par_1_28' title="bbox 248 3497 660 3638">
     <span class='ocr_line' id='line_1_37' title="bbox 248 3497 660 3574; baseline 0.012 -21"><span class='ocrx_word' id='word_1_233' title='bbox 248 3498 388 3574; x_wconf 79' lang='lat' dir='ltr'>Epistola.</span> <span class='ocrx_word' id='word_1_234' title='bbox 432 3497 507 3556; x_wconf 85' lang='lat' dir='ltr'>Ecce</span> <span class='ocrx_word' id='word_1_235' title='bbox 521 3501 660 3559; x_wconf 83' lang='lat' dir='ltr'>sacerdos.</span> 
     </span>
     <span class='ocr_line' id='line_1_38' title="bbox 249 3578 656 3638; baseline 0.005 -3"><span class='ocrx_word' id='word_1_236' title='bbox 249 3578 383 3636; x_wconf 78' lang='lat' dir='ltr'>Gradnle.</span> <span class='ocrx_word' id='word_1_237' title='bbox 427 3579 536 3636; x_wconf 87' lang='lat' dir='ltr'>Inveni</span> <span class='ocrx_word' id='word_1_238' title='bbox 550 3581 656 3638; x_wconf 85' lang='lat' dir='ltr'>David</span> 
     </span>
    </p>
   </div>
   <div class='ocr_carea' id='block_1_9' title="bbox 248 3659 732 3735">
    <p class='ocr_par' dir='ltr' id='par_1_29' title="bbox 248 3659 732 3735">
     <span class='ocr_line' id='line_1_39' title="bbox 248 3659 732 3735; baseline 0.008 -20"><span class='ocrx_word' id='word_1_239' title='bbox 248 3659 398 3735; x_wconf 87' lang='lat' dir='ltr'>Alleluya.</span> <span class='ocrx_word' id='word_1_240' title='bbox 448 3659 476 3717; x_wconf 85' lang='lat' dir='ltr'>V.</span> <span class='ocrx_word' id='word_1_241' title='bbox 498 3660 560 3717; x_wconf 91' lang='lat' dir='ltr'>Hic</span> <span class='ocrx_word' id='word_1_242' title='bbox 574 3660 732 3719; x_wconf 85' lang='lat' dir='ltr'>Martinus</span> 
     </span>
    </p>
   </div>
   <div class='ocr_carea' id='block_1_10' title="bbox 248 3739 866 3979">
    <p class='ocr_par' dir='ltr' id='par_1_30' title="bbox 248 3739 866 3979">
     <span class='ocr_line' id='line_1_40' title="bbox 248 3739 866 3821; baseline 0.01 -26"><span class='ocrx_word' id='word_1_243' title='bbox 248 3739 447 3814; x_wconf 62' lang='lat' dir='ltr'>danegeldum.</span> <span class='ocrx_word' id='word_1_244' title='bbox 491 3740 591 3797; x_wconf 90' lang='lat' dir='ltr'>Homo</span> <span class='ocrx_word' id='word_1_245' title='bbox 605 3741 725 3816; x_wconf 90' lang='lat' dir='ltr'>quidam</span> <span class='ocrx_word' id='word_1_246' title='bbox 739 3761 866 3821; x_wconf 86' lang='lat' dir='ltr'>peregre.</span> 
     </span>
     <span class='ocr_line' id='line_1_41' title="bbox 249 3820 680 3893; baseline 0.007 -16"><span class='ocrx_word' id='word_1_247' title='bbox 249 3820 442 3893; x_wconf 78' lang='lat' dir='ltr'>Offertorioru.</span> <span class='ocrx_word' id='word_1_248' title='bbox 484 3820 680 3880; x_wconf 84' lang='lat' dir='ltr'>Desiderium</span> 
     </span>
     <span class='ocr_line' id='line_1_42' title="bbox 249 3900 766 3979; baseline 0.006 -21"><span class='ocrx_word' id='word_1_249' title='bbox 249 3900 431 3959; x_wconf 75' lang='lat' dir='ltr'>Communis.</span> <span class='ocrx_word' id='word_1_250' title='bbox 475 3901 611 3974; x_wconf 89' lang='lat' dir='ltr'>Domine,</span> <span class='ocrx_word' id='word_1_251' title='bbox 627 3902 766 3979; x_wconf 90' lang='lat' dir='ltr'>quinque.</span> 
     </span>
    </p>
   </div>
   <div class='ocr_carea' id='block_1_11' title="bbox 186 4029 1383 4456">
    <p class='ocr_par' dir='ltr' id='par_1_31' title="bbox 247 4029 807 4090">
     <span class='ocr_line' id='line_1_43' title="bbox 247 4029 807 4090; baseline 0.004 -16"><span class='ocrx_word' id='word_1_252' title='bbox 247 4030 260 4054; x_wconf 66' lang='lat'>&#39;³</span> <span class='ocrx_word' id='word_1_253' title='bbox 276 4029 432 4075; x_wconf 84' lang='lat' dir='ltr'>SoKehrein.</span> <span class='ocrx_word' id='word_1_254' title='bbox 463 4030 535 4076; x_wconf 79' lang='lat' dir='ltr'>MSS.</span> <span class='ocrx_word' id='word_1_255' title='bbox 546 4031 593 4075; x_wconf 89' lang='lat' dir='ltr'>and</span> <span class='ocrx_word' id='word_1_256' title='bbox 603 4031 807 4090; x_wconf 83' lang='lat' dir='ltr'>Edd-inspexit.</span> 
     </span>
    </p>

    <p class='ocr_par' dir='ltr' id='par_1_32' title="bbox 274 4088 636 4149">
     <span class='ocr_line' id='line_1_44' title="bbox 274 4088 636 4149; baseline 0.008 -16"><span class='ocrx_word' id='word_1_257' title='bbox 274 4089 334 4133; x_wconf 87' lang='lat' dir='ltr'>Edd.</span> <span class='ocrx_word' id='word_1_258' title='bbox 346 4089 393 4133; x_wconf 91' lang='lat' dir='ltr'>and</span> <span class='ocrx_word' id='word_1_259' title='bbox 403 4088 456 4134; x_wconf 83' lang='lat' dir='ltr'>MS.</span> <span class='ocrx_word' id='word_1_260' title='bbox 468 4089 636 4149; x_wconf 84' lang='lat' dir='ltr'>F—patribus</span> 
     </span>
    </p>

    <p class='ocr_par' dir='ltr' id='par_1_33' title="bbox 277 4147 623 4200">
     <span class='ocr_line' id='line_1_45' title="bbox 277 4147 623 4200; baseline 0.006 -8"><span class='ocrx_word' id='word_1_261' title='bbox 277 4147 412 4193; x_wconf 70' lang='lat' dir='ltr'>Onu-MS.</span> <span class='ocrx_word' id='word_1_262' title='bbox 424 4148 454 4192; x_wconf 88' lang='lat' dir='ltr'>D.</span> <span class='ocrx_word' id='word_1_263' title='bbox 621 4196 623 4200; x_wconf 69' lang='grc'>,</span> 
     </span>
    </p>

    <p class='ocr_par' dir='ltr' id='par_1_34' title="bbox 186 4205 1383 4387">
     <span class='ocr_line' id='line_1_46' title="bbox 275 4205 1383 4270; baseline 0.005 -20"><span class='ocrx_word' id='word_1_264' title='bbox 275 4205 328 4251; x_wconf 86' lang='lat' dir='ltr'>Ms.</span> <span class='ocrx_word' id='word_1_265' title='bbox 340 4207 534 4266; x_wconf 87' lang='lat' dir='ltr'>D.-Auxiliare,</span> <span class='ocrx_word' id='word_1_266' title='bbox 544 4222 690 4266; x_wconf 72' lang='lat' dir='ltr'>quesumus,</span> <span class='ocrx_word' id='word_1_267' title='bbox 700 4209 809 4266; x_wconf 84' lang='lat' dir='ltr'>Domine,</span> <span class='ocrx_word' id='word_1_268' title='bbox 818 4209 907 4268; x_wconf 84' lang='lat' dir='ltr'>populo</span> <span class='ocrx_word' id='word_1_269' title='bbox 921 4213 964 4256; x_wconf 85' lang='lat' dir='ltr'>tuo</span> <span class='ocrx_word' id='word_1_270' title='bbox 974 4215 1001 4257; x_wconf 87' lang='lat' dir='ltr'>ut</span> <span class='ocrx_word' id='word_1_271' title='bbox 1010 4214 1211 4258; x_wconf 82' lang='lat' dir='ltr'>sacramentorum</span> <span class='ocrx_word' id='word_1_272' title='bbox 1225 4211 1316 4258; x_wconf 79' lang='lat' dir='ltr'>virtute</span> <span class='ocrx_word' id='word_1_273' title='bbox 1325 4225 1383 4270; x_wconf 87' lang='lat' dir='ltr'>pro·</span> 
     </span>
     <span class='ocr_line' id='line_1_47' title="bbox 186 4263 1382 4330; baseline 0.006 -21"><span class='ocrx_word' id='word_1_274' title='bbox 186 4263 277 4321; x_wconf 91' lang='lat' dir='ltr'>ficiens,</span> <span class='ocrx_word' id='word_1_275' title='bbox 285 4264 449 4311; x_wconf 86' lang='lat' dir='ltr'>intercedente</span> <span class='ocrx_word' id='word_1_276' title='bbox 464 4267 532 4313; x_wconf 89' lang='lat' dir='ltr'>beato</span> <span class='ocrx_word' id='word_1_277' title='bbox 548 4268 653 4313; x_wconf 82' lang='lat' dir='ltr'>Martino</span> <span class='ocrx_word' id='word_1_278' title='bbox 670 4268 807 4314; x_wconf 83' lang='lat' dir='ltr'>confessore</span> <span class='ocrx_word' id='word_1_279' title='bbox 822 4273 863 4315; x_wconf 90' lang='lat' dir='ltr'>tuo</span> <span class='ocrx_word' id='word_1_280' title='bbox 878 4273 950 4328; x_wconf 87' lang='lat' dir='ltr'>atque</span> <span class='ocrx_word' id='word_1_281' title='bbox 966 4271 1087 4327; x_wconf 85' lang='lat' dir='ltr'>pontifice,</span> <span class='ocrx_word' id='word_1_282' title='bbox 1096 4275 1120 4317; x_wconf 89' lang='lat' dir='ltr'>et</span> <span class='ocrx_word' id='word_1_283' title='bbox 1127 4275 1168 4317; x_wconf 89' lang='lat' dir='ltr'>tuo</span> <span class='ocrx_word' id='word_1_284' title='bbox 1179 4285 1272 4330; x_wconf 88' lang='lat' dir='ltr'>semper</span> <span class='ocrx_word' id='word_1_285' title='bbox 1281 4285 1382 4317; x_wconf 85' lang='lat' dir='ltr'>munera</span> 
     </span>
     <span class='ocr_line' id='line_1_48' title="bbox 186 4325 1379 4387; baseline 0.004 -18"><span class='ocrx_word' id='word_1_286' title='bbox 186 4325 344 4382; x_wconf 84' lang='lat' dir='ltr'>gubernetur,</span> <span class='ocrx_word' id='word_1_287' title='bbox 353 4328 378 4370; x_wconf 87' lang='lat' dir='ltr'>et</span> <span class='ocrx_word' id='word_1_288' title='bbox 388 4325 417 4369; x_wconf 89' lang='lat' dir='ltr'>ad</span> <span class='ocrx_word' id='word_1_289' title='bbox 427 4325 596 4384; x_wconf 88' lang='lat' dir='ltr'>redemptionis</span> <span class='ocrx_word' id='word_1_290' title='bbox 607 4331 701 4373; x_wconf 81' lang='lat' dir='ltr'>aeternae</span> <span class='ocrx_word' id='word_1_291' title='bbox 710 4327 836 4385; x_wconf 86' lang='lat' dir='ltr'>pertineat,</span> <span class='ocrx_word' id='word_1_292' title='bbox 846 4331 869 4374; x_wconf 89' lang='lat' dir='ltr'>te</span> <span class='ocrx_word' id='word_1_293' title='bbox 879 4329 990 4387; x_wconf 87' lang='lat' dir='ltr'>ducente,</span> <span class='ocrx_word' id='word_1_294' title='bbox 1000 4330 1153 4375; x_wconf 87' lang='lat' dir='ltr'>consortium.</span> <span class='ocrx_word' id='word_1_295' title='bbox 1184 4331 1231 4375; x_wconf 86' lang='lat' dir='ltr'>Per</span> <span class='ocrx_word' id='word_1_296' title='bbox 1241 4329 1379 4375; x_wconf 89' lang='lat' dir='ltr'>Dominum.</span> 
     </span>
    </p>

    <p class='ocr_par' dir='ltr' id='par_1_35' title="bbox 247 4383 1377 4456">
     <span class='ocr_line' id='line_1_49' title="bbox 247 4383 1377 4456; baseline 0.004 -29"><span class='ocrx_word' id='word_1_297' title='bbox 247 4383 256 4443; x_wconf 87' lang='grc' dir='ltr'>ΙΙ</span> <span class='ocrx_word' id='word_1_298' title='bbox 272 4383 324 4428; x_wconf 83' lang='lat' dir='ltr'>MS.</span> <span class='ocrx_word' id='word_1_299' title='bbox 336 4383 456 4429; x_wconf 89' lang='lat' dir='ltr'>D.-Haec</span> <span class='ocrx_word' id='word_1_300' title='bbox 466 4385 493 4429; x_wconf 91' lang='lat' dir='ltr'>in</span> <span class='ocrx_word' id='word_1_301' title='bbox 503 4386 580 4443; x_wconf 86' lang='lat' dir='ltr'>nobis,</span> <span class='ocrx_word' id='word_1_302' title='bbox 591 4401 736 4456; x_wconf 79' lang='lat' dir='ltr'>quaesumus,</span> <span class='ocrx_word' id='word_1_303' title='bbox 746 4387 857 4447; x_wconf 90' lang='lat' dir='ltr'>Domine,</span> <span class='ocrx_word' id='word_1_304' title='bbox 867 4388 944 4445; x_wconf 77' lang='lat' dir='ltr'>gratia</span> <span class='ocrx_word' id='word_1_305' title='bbox 958 4391 1000 4433; x_wconf 87' lang='lat' dir='ltr'>tua</span> <span class='ocrx_word' id='word_1_306' title='bbox 1016 4401 1109 4446; x_wconf 87' lang='lat' dir='ltr'>semper</span> <span class='ocrx_word' id='word_1_307' title='bbox 1123 4391 1240 4444; x_wconf 84' lang='lat' dir='ltr'>exerceat,</span> <span class='ocrx_word' id='word_1_308' title='bbox 1249 4393 1277 4435; x_wconf 87' lang='lat' dir='ltr'>ut</span> <span class='ocrx_word' id='word_1_309' title='bbox 1286 4389 1377 4436; x_wconf 80' lang='lat' dir='ltr'>divinis</span> 
     </span>
    </p>
   </div>
   <div class='ocr_carea' id='block_1_12' title="bbox 186 4440 1381 4548">
    <p class='ocr_par' dir='ltr' id='par_1_36' title="bbox 186 4440 1381 4548">
     <span class='ocr_line' id='line_1_50' title="bbox 186 4440 1381 4548; baseline 0.006 -61"><span class='ocrx_word' id='word_1_310' title='bbox 186 4440 392 4548; x_wconf 54' lang='lat' dir='ltr'>iiffifflrda</span> <span class='ocrx_word' id='word_1_311' title='bbox 405 4445 489 4491; x_wconf 88' lang='lat' dir='ltr'>nostra</span> <span class='ocrx_word' id='word_1_312' title='bbox 502 4446 625 4506; x_wconf 80' lang='lat' dir='ltr'>mysteriis</span> <span class='ocrx_word' id='word_1_313' title='bbox 640 4450 665 4493; x_wconf 85' lang='lat' dir='ltr'>ot</span> <span class='ocrx_word' id='word_1_314' title='bbox 680 4445 744 4494; x_wconf 86' lang='lat' dir='ltr'>beati</span> <span class='ocrx_word' id='word_1_315' title='bbox 758 4449 836 4494; x_wconf 87' lang='lat' dir='ltr'>mente</span> <span class='ocrx_word' id='word_1_316' title='bbox 853 4445 966 4508; x_wconf 80' lang='lat' dir='ltr'>martyris</span> <span class='ocrx_word' id='word_1_317' title='bbox 984 4447 1021 4494; x_wconf 88' lang='lat' dir='ltr'>tui</span> <span class='ocrx_word' id='word_1_318' title='bbox 1039 4447 1169 4496; x_wconf 77' lang='lat' dir='ltr'>festivitate</span> <span class='ocrx_word' id='word_1_319' title='bbox 1183 4448 1295 4496; x_wconf 81' lang='lat' dir='ltr'>laetificet.</span> <span class='ocrx_word' id='word_1_320' title='bbox 1333 4449 1381 4494; x_wconf 82' lang='lat' dir='ltr'>Per</span> 
     </span>
    </p>
   </div>
   <div class='ocr_carea' id='block_1_13' title="bbox 0 0 1478 5002">
    <p class='ocr_par' dir='ltr' id='par_1_37' title="bbox 0 0 1478 5002">
     <span class='ocr_line' id='line_1_51' title="bbox 0 0 1478 5002; baseline 0 2"><span class='ocrx_word' id='word_1_321' title='bbox 0 0 1478 5002; x_wconf 95' lang='lat' dir='ltr'> </span> 
     </span>
    </p>
   </div>
  </div>
 </body>
</html>
