2946 5002
666 243 761 307 Festa
782 242 941 328 Aooost.

446 477 485 534 Iu
505 493 559 534 nm
579 493 684 536 sarem
706 478 889 536 Lsunnuru.
934 478 984 556 (iv.
1002 478 1047 535 Id.
1063 477 1158 555 Aug.)

269 604 408 680 Officium.

266 687 415 744 Confessio
425 692 455 744 et
468 687 656 762 pulchritudo
669 688 702 744 in
716 694 873 764 conspectu
886 689 950 764 ejus
961 689 1131 783 &sanctitas
1141 694 1171 746 et
1182 688 1402 766 magnificentia

206 770 238 824 in
252 768 483 825 sanctificatione
497 769 568 844 ejus.

266 860 407 998 5:35?ss
405 903 534 998 Domino
548 940 696 997 canticum
710 960 837 998 novum:
859 947 975 999 cantate
990 942 1120 999 Domino
1135 943 1231 1000 omnis
1244 949 1331 1000 terra.

269 1034 378 1092 Oratio.

266 1115 314 1172 Da
328 1115 420 1186 nobis,
436 1133 609 1190 quaesumus,
625 1115 809 1189 omnipotens
824 1114 914 1185 Deus,
931 1115 1074 1172 vitiorum
1087 1121 1256 1173 nostrorum
1269 1116 1402 1173 flammas

205 1196 385 1272 extinguere,
413 1196 466 1271 qui
491 1196 577 1252 beato
605 1194 765 1251 Laurentio
792 1196 919 1270 martyri
944 1201 997 1252 tuo
1025 1196 1158 1253 tribuisti
1185 1203 1401 1254 tormentorum

206 1296 325 1334 suorum
337 1276 472 1333 incendia
485 1294 628 1351 superare.
671 1275 730 1332 Per
741 1277 912 1335 Dominum.

267 1369 316 1426 Ad
331 1368 498 1428 Corinthios
510 1369 549 1444 (2
564 1369 601 1426 icc.
620 1367 713 1445 6-10).

267 1452 402 1507 Fratres:
424 1451 476 1526 qui
488 1469 574 1526 parce
588 1449 714 1506 seminat
728 1469 817 1524 usquc
832 1450 872 1506 cd
881 1449 1008 1525 justitiae
1022 1455 1136 1507 vestrae.

271 1544 403 1602 Gradclc.

267 1625 413 1694 Probasti,
428 1623 564 1695 Domine,
577 1642 738 1680 cormeum
751 1644 757 1680 :
779 1629 810 1681 et
823 1623 951 1680 visitasti
964 1630 1057 1680 nocte.

213 1707 241 1764 V.
269 1706 343 1782 Igne
357 1725 404 1762 me
418 1705 611 1763 examinasti:
631 1709 661 1760 et
675 1723 735 1759 non
749 1710 794 1760 est
806 1705 930 1760 inventa
943 1705 976 1760 in
989 1724 1036 1762 me
1049 1704 1199 1781 iniquitas.

267 1786 414 1861 Alleluya.
465 1785 492 1842 V.
516 1784 622 1841 Levita
636 1783 814 1841 Laurentius
833 1786 944 1841 bonum
958 1805 1031 1860 opus
1048 1792 1185 1861 operatus
1199 1791 1261 1845 est:
1283 1785 1335 1862 qui
1349 1805 1401 1862 per

207 1868 323 1942 signum
337 1867 431 1924 crucis
445 1885 534 1923 caecos
548 1864 738 1921 illuminavit.

268 1957 430 2035 Sequentia.

369 2040 451 2098 Stola
460 2037 661 2116 jocunditatis,
678 2037 814 2112 alleluya,

367 2121 473 2177 Induit
486 2120 572 2176 hodie
586 2118 733 2175 Dominus
747 2118 872 2175 militem
885 2138 971 2176 suum
985 2119 1187 2178 Laurentium.

368 2201 461 2259 Solito
475 2199 596 2275 plaudat
609 2199 733 2255 alacrius
747 2200 847 2256 concio
862 2200 929 2257 laeta
942 2200 1081 2257 fidelium.

368 2282 467 2338 Hodie
481 2285 594 2354 martyr
606 2280 728 2354 insignis
742 2280 868 2336 hostiam
882 2281 946 2337 Deo
960 2281 1125 2356 placentem
1138 2282 1247 2339 obtulit
1261 2304 1267 2340 ε

369 2362 467 2418 Hodie
480 2365 661 2417 tormentum
674 2360 751 2434 ignis
764 2361 894 2434 graviter
908 2361 1094 2419 examinatus
1108 2363 1238 2438 pertulit.

368 2442 529 2498 Animatus
542 2441 580 2498 ad
593 2447 740 2496 certamen
753 2443 869 2496 monitu
882 2443 962 2498 beati
975 2443 1061 2514 senis,

372 2520 578 2579 Gravissima*
592 2540 652 2576 non
665 2520 774 2595 refugit
789 2522 928 2578 exhibere
941 2523 1073 2580 membra
1085 2525 1184 2600 paenis

566 2613 650 2669 Ante
663 2633 761 2688 regem
775 2614 940 2684 accersitur,

567 2695 608 2750 Et
621 2693 657 2749 de
672 2695 757 2750 rebus
772 2694 954 2766 convenitur,

608 2773 737 2830 Occultis
752 2775 896 2831 ecclesiae:

568 2854 624 2910 Sed
639 2874 699 2910 non
713 2855 798 2924 cedit,
813 2855 1021 2912 blandimentis

568 2934 727 2992 Emollitus
740 2942 792 2991 aut
806 2938 973 3008 tormentis

608 3016 681 3090 Eius
694 3017 834 3073 avaritiae.

568 3109 697 3166 Luditur
710 3109 905 3180 Valerianus,

568 3191 609 3247 Et
623 3190 735 3247 Levitae
749 3191 831 3266 larga
844 3210 948 3247 manus

608 3271 691 3328 Dum
703 3273 779 3346 petit
792 3271 933 3341 inducias

569 3353 631 3408 Dat
644 3352 779 3409 ministra
793 3352 924 3409 caritatis

569 3433 750 3508 Pauperibus
764 3434 945 3509 congregatis

609 3514 796 3570 Facultatum
811 3516 915 3590 copias.

569 3605 656 3662 Furit
669 3605 761 3681 igitur
774 3607 928 3680 praefectus

569 3686 610 3742 Et
624 3692 744 3760 paratur
757 3687 862 3743 ardens
875 3686 975 3759 loctuS,

569 3767 745 3822 insultantis
759 3767 870 3823 viscera
999 3770 1001 3775 '

610 3847 705 3903 ¹{tratis
719 3847 779 3902 urit
793 3867 900 3922 aspera.

571 3941 663 3995 Sudat
676 3946 789 4014 martyr
801 3940 834 3996 in
848 3959 938 4016 agone

570 4020 626 4094 Spe
641 4020 780 4076 mercedis
794 4026 824 4076 et
837 4040 959 4094 coronae,

570 4101 642 4168 Qum
656 4101 744 4157 datur
757 4101 891 4157 fidelibus

609 4181 668 4239 Pro
682 4182 799 4239 Christo
813 4182 1000 4240 certantibus

646 4348 659 4374 ³
675 4347 727 4394 MS.
739 4348 963 4397 D-Amerissimis.
