2946 5002
632 349 754 415 Proaoe.
1229 354 1292 418 303

95 512 209 584 Quam*
222 514 320 591 elegit,
334 533 399 572 cum
415 516 539 574 excessit
553 516 590 573 ab
603 515 694 572 humo

94 599 197 672 Atque
217 595 322 652 mundi
343 595 535 671 perlustravit
555 596 610 653 sub
627 596 697 654 solis
710 596 794 654 radio
814 597 1029 673 perimmensa
1049 617 1130 656 sacro
1144 596 1208 656 visa
1228 598 1293 658 Deo

175 676 265 734 dante
278 678 381 753 spatia,

95 755 236 814 Polorum
249 777 339 833 regna
351 757 489 816 scandere
503 757 594 834 possis
606 757 712 828 felicia,

95 837 236 912 Ejusdem
250 838 345 910 modo,
360 839 526 915 sanctisque
541 839 696 914 jungiqui
710 839 775 897 Deo
788 858 902 916 semper
911 838 1035 898 adstant
1048 839 1248 915 tripudiantes
1261 840 1294 897 in

175 918 280 993 patria,
296 919 491 994 multiplicata
505 920 613 995 quibus
626 919 710 978 doxa.

96 999 155 1056 Pro
168 1000 275 1056 merita
287 1000 426 1056 micantia
436 999 487 1057 dat
501 1006 589 1056 actea

96 1080 230 1149 Quorum
243 1088 279 1137 ut
292 1100 432 1156 queamus
445 1080 562 1138 unitate
575 1087 606 1139 et
619 1079 812 1138 consocietate
825 1081 960 1157 gaudere,

97 1160 201 1218 Preces
214 1161 380 1237 supplicum
393 1161 426 1217 in
439 1161 508 1218 caelo
522 1161 657 1237 perferas

96 1241 161 1310 Quo
187 1260 241 1298 nos
265 1243 359 1318 pietas
385 1241 488 1299 divina
513 1261 609 1317 nuper
632 1241 720 1299 faciat
747 1246 815 1318 post
839 1241 930 1300 funus
957 1241 1143 1319 gratulanter
1166 1243 1292 1302 subvehi

176 1322 255 1379 ulnis
268 1322 353 1379 almis
367 1322 546 1397 angelorum.

96 1401 261 1477 Implorant
275 1402 452 1460 famulorum
466 1410 574 1460 sanctae
587 1403 688 1460 laudes
701 1422 774 1479 quas
787 1403 915 1460 celebrat
927 1403 1009 1480 plebs
1022 1402 1191 1462 monastica.

95 1482 126 1538 N
128 1501 186 1540 unc
200 1502 267 1560 crgo
280 1485 328 1561 pie
341 1484 403 1540 dies
417 1490 532 1541 nostros
545 1484 692 1542 obtenta†
711 1484 789 1541 dona
802 1503 872 1559 pace
885 1489 917 1542 et
930 1485 1022 1542 vitam
1036 1485 1170 1543 claritate
1182 1491 1292 1544 nostra.

44 1587 49 1596 ·
96 1564 137 1620 Et
156 1583 209 1639 per
229 1565 334 1622 saecula
353 1564 417 1641 regi
436 1576 538 1622 nostro
558 1565 598 1623 sit
619 1565 706 1622 decus
719 1570 750 1622 ct
769 1570 900 1640 potestas
920 1584 988 1623 cum
1008 1566 1117 1624 sanctis
1137 1565 1190 1642 qui
1203 1567 1294 1624 donat

176 1644 262 1702 beata
277 1646 407 1722 praemia.

612 1801 768 1859 XLVIII.

558 1922 610 1978 De
629 1921 828 1979 Vrscmraus.

236 2014 287 2071 Ad
300 2015 462 2072 Ducentur.

240 2112 390 2188 Alleluya.

176 2208 245 2267 Dico
260 2226 380 2268 1101111
401 2227 491 2269 ranas
503 2217 606 2269 nostra
618 2211 733 2270 cantica
745 2209 877 2287 pulchra,

176 2289 352 2367 Virginibus
366 2293 419 2368 qui
432 2293 545 2350 confert
557 2312 647 2350 aurea
659 2292 751 2366 saecla,

176 2370 218 2428 Et
231 2373 401 2449 conjugatas
414 2392 515 2432 omnes
528 2373 567 2431 ad
578 2392 669 2450 regna
682 2379 769 2431 vocat
782 2373 850 2449 pius
864 2377 982 2444 aeterna,

177 2450 324 2510 Coronam
336 2453 407 2511 vitae
421 2454 520 2512 viduis
533 2460 564 2513 et
576 2454 727 2531 promittit
740 2454 803 2512 sine
817 2455 876 2511 fine
889 2452 1049 2530 pulchram.

177 2531 270 2609 Cujus
284 2533 351 2591 aula
364 2554 418 2592 nos
431 2541 569 2612 expectat
581 2541 747 2612 peccatores
761 2541 792 2593 et
807 2534 913 2611 ampla,

178 2613 330 2689 Optans
306 2635 384 2673 cives
397 2635 452 2674 nos
464 2617 572 2674 habere
585 2636 659 2693 quos
671 2623 768 2674 mater
780 2615 912 2673 Ecclesia
924 2612 1054 2692 parturit
1067 2613 1201 2674 fecunda.

176 2693 262 2752 Celsa
275 2697 406 2753 carmina
419 2697 471 2754 ubi
485 2716 599 2775 semper
612 2716 712 2756 omnes
725 2697 821 2754 sancti
829 2696 971 2772 jubilant,

176 2774 238 2833 Ubi
253 2776 355 2852 gloria,
369 2797 430 2854 pax
444 2783 475 2836 et
487 2778 575 2854 plana
587 2778 692 2852 lux‚'
662 2798 720 2850 via,
735 2777 861 2835 felicitas
873 2776 1003 2854 pullulat
1015 2783 1047 2835 et
1059 2781 1131 2836 tota.

176 2855 241 2914 Ubi
254 2857 362 2934 pudica
374 2858 528 2934 virginalis
541 2864 660 2917 caterva

174 2937 254 2996 Lilia
267 2940 349 2996 intra
361 2946 393 2996 et
405 2959 485 2997 rosas
498 2940 628 3016 paradisi
640 2939 837 3017 pulcherrime
850 2944 991 2997 coruscat.

177 3019 323 3157 Angepioa
332 3021 399 3157 gam
417 3040 485 3078 cum
501 3021 587 3097 plebe
604 3021 735 3098 gaudens
752 3041 855 3079 aurea:
875 3040 934 3097 quo
948 3021 1075 3079 clemens
1087 3019 1151 3098 ipsc
1164 3038 1219 3078 nos
1232 3038 1295 3095 per-

278 3120 332 3157 uca

177 3178 237 3247 Qui
248 3189 353 3258 regnat
366 3201 418 3258 per
431 3181 537 3240 saecula
549 3188 699 3259 perpetua.

632 3342 752 3401 XLIX

238 3456 334 3515 Proec
347 3459 389 3515 od
401 3457 558 3533 Sequentia
573 3459 703 3517 Ostende
717 3459 822 3517 minor.

237 3552 386 3630 Alleluya

157 3647 331 3708 Panaenus
349 3667 491 3723 rosrass,

157 3728 247 3802 Deus,
263 3731 376 3788 animas
396 3732 640 3870 etrppnseientias
653 3733 742 3813 digna
761 3708 881 3808 munda,
894 3740 931 3792 ut
943 3754 1023 3792 nunc
1036 3739 1138 3792 nostra
1158 3732 1294 3792 Christus

259 3813 380 3870 veniens
396 3832 430 3870 co

157 3889 243 3948 Sibi
234 3893 368 3951 inveniat
381 3900 489 3971 parata

679 4055 713 4113 1.

128 4224 139 4239 ,
237 4169 332 4227 Proca
344 4171 386 4228 ad
397 4169 553 4246 Sequentia
567 4169 695 4230 Ostende
709 4143 809 4250 major.

238 4266 388 4343 Alleluya

179 4360 278 4422 Sanus
299 4381 428 4423 mannus
448 4383 643 4428 mnrmcmus
656 4367 761 4427 mundi
774 4366 846 4440 vita,
861 4375 896 4426 at
908 4386 1001 4444 capra
1015 4364 1085 4445 (vol.
1100 4365 1119 4434 1,
1135 4385 1163 4445 p.
1181 4365 1219 4444 1).

275 4491 290 4518 ”
305 4492 468 4554 lla-quem.
888 4490 906 4544 †
921 4489 1115 4542 IIS.-obtentu.
