2946 5002
148 364 189 428 34
640 362 737 426 Festa
751 361 793 424 M
791 330 852 427 aii.

127 574 129 580 ,
204 527 352 605 Alleluya.
395 528 424 586 V.
448 527 544 586 Dulce
557 528 673 605 lignum
683 528 784 586 dulces
797 529 895 586 clavos
909 529 1008 587 dulcia
1021 530 1118 588 ferens
1131 529 1272 608 pondera,
1283 547 1351 604 quae

142 608 205 668 sola
217 608 305 667 fuisti
317 609 409 688 digna
421 610 567 667 sustinere
581 629 680 686 regem
693 609 831 667 caelorum
845 617 876 666 et
887 609 1058 668 Dominum.

203 690 351 767 Alleluya
401 691 430 748 1⁷.
454 690 591 748 Surrexit
604 690 811 748 altissimusde
824 691 1029 768 sepulcro,qui
1042 712 1096 768 pro
1109 692 1196 750 nobis
1209 689 1351 769 pependit

144 771 178 828 in
191 771 280 847 ligno.
504 787 507 792 ·

205 868 371 944 Sequentia.

265 949 361 1023 Salve,
377 970 451 1007 crux
463 956 575 1021 sancta,
590 949 677 1006 arbor
690 949 788 1026 digna,

264 1031 358 1107 Cujus
371 1032 462 1088 robur
475 1030 638 1106 pretiosum
652 1030 757 1086 mundi
770 1030 861 1087 ferret
874 1031 1031 1101 talentum,

265 1112 313 1170 Ut
324 1113 425 1184 hostis,
440 1131 494 1188 per
506 1111 622 1188 lignum
635 1112 741 1182 victor,
755 1111 837 1188 ligno
850 1112 1053 1170 revinceretur
1066 1135 1072 1170 ε

265 1193 410 1269 Quodque
424 1198 545 1250 exortus
559 1191 664 1248 mortis
677 1192 791 1268 primus
799 1197 863 1249 erat
871 1193 1027 1269 terrigenis
1037 1192 1179 1250 Paradiso
1191 1193 1348 1271 propulsis,

264 1273 360 1331 Causa
373 1274 464 1330 etiam
478 1273 549 1329 vitae
563 1272 640 1329 foret
650 1272 765 1330 cunctis
780 1279 875 1330 morte
889 1273 1002 1331 Christi
1015 1294 1085 1331 vere
1099 1274 1281 1332 vivificatis:
1320 1310 1323 1317 ·

263 1354 448 1410 Horrificum
462 1360 498 1410 tu
511 1372 542 1410 es
555 1373 670 1429 semper
683 1354 800 1429 signum
814 1355 951 1426 inimicis,
966 1375 1039 1412 crux
1054 1362 1163 1426 sancta,
1179 1355 1275 1427 saevis,

264 1435 361 1505 Quam
383 1454 463 1492 mors
486 1440 576 1510 pavet
601 1434 793 1511 infernusque
813 1437 917 1492 timet:
938 1454 1004 1511 quae
1026 1436 1146 1494 Christo
1164 1456 1232 1494 suos
1249 1456 1350 1494 recon-

346 1535 465 1591 signas:

264 1596 322 1654 Oui
335 1596 400 1653 laus
413 1596 454 1654 sit
468 1596 500 1652 in
514 1615 620 1653 aevum.
663 1597 770 1654 Amen.

150 1715 152 1719 ·
201 1694 405 1770 Ecaaqelium.

202 1775 277 1833 Erat
295 1776 383 1833 homo
402 1795 440 1833 ex
454 1774 612 1833 Pharisaeis
626 1774 807 1833 Nicodemus
821 1776 949 1848 nomine,
966 1795 1061 1851 quaere
1077 1777 1111 1834 ia
1129 1776 1215 1836 Festo
1233 1775 1350 1836 Sancta

142 1856 308 1915 Primitatia

203 1938 306 1996 Orode.

202 2019 397 2094 Offlertora'um.

200 2096 335 2177 Protege,
352 2100 489 2171 Domine,
504 2100 620 2177 plebem
634 2106 718 2158 tuam
731 2120 784 2176 per
797 2101 914 2176 signum
927 2106 1035 2157 sanctae
1050 2100 1144 2158 crucis
1157 2101 1195 2158 ab
1209 2101 1348 2160 omnibus

139 2182 256 2239 insidiis
275 2181 462 2238 inimicorum
483 2181 636 2251 omnium,
657 2187 693 2238 ut
709 2181 765 2237 tibi
779 2190 894 2256 gratam
908 2181 1100 2239 exhibeamus
1118 2182 1304 2254 servitutem,
1318 2190 1349 2240 et

139 2262 318 2338 acceptabile
332 2262 389 2319 tibi
403 2262 456 2319 fiat
471 2261 646 2318 sacrificium
660 2269 804 2333 nostrum,
818 2262 954 2338 alleluya.

201 2341 325 2402 Secreta.

200 2423 385 2481 Sacrificium
403 2429 547 2493 nostrum,
574 2422 711 2494 Domine,
734 2423 813 2498 quod
835 2423 1029 2494 immolamus,
1052 2423 1185 2500 placatus
1205 2425 1347 2483 intende:

141 2509 176 2561 ut
188 2505 227 2561 ab
241 2504 322 2561 omni
336 2523 389 2560 nos
406 2509 498 2560 exuat
511 2502 657 2560 bellorum
674 2503 816 2579 nequitia,
840 2510 870 2560 et
889 2524 942 2579 per
960 2505 1106 2562 vexillum
1126 2512 1235 2562 sanctes
1252 2506 1348 2564 crucis

140 2584 212 2642 Filii
234 2585 281 2653 tu'
304 2585 342 2642 ad
364 2583 556 2641 conterendas
577 2584 733 2660 potestatis
751 2585 880 2642 adversae
893 2586 1017 2643 insidias
1038 2605 1091 2643 nos
1115 2587 1148 2643 in
1162 2592 1221 2644 tuae
1236 2594 1348 2664 protec-

141 2665 232 2723 tionis
246 2666 405 2723 securitate
419 2665 589 2723 constituat.
633 2665 692 2721 Per
705 2665 838 2722 eundem.

201 2746 354 2822 Proefatio.
399 2746 459 2815 Qui
473 2745 599 2803 salutem
613 2745 738 2803 humani
751 2747 873 2822 gener-ia.

202 2826 382 2886 Communia

200 2907 260 2965 Per
282 2908 399 2984 lignum
428 2908 508 2965 servi
534 2907 608 2965 facti
636 2927 756 2965 sumus:
788 2915 819 2965 et
845 2928 898 2985 per
925 2915 1056 2966 sanctam
1084 2929 1200 2967 crucem
1227 2910 1348 2969 liberati

139 3007 240 3046 sumus
254 3011 260 3046 :
280 2989 395 3046 fructus
409 2989 522 3046 arboris
536 2989 656 3046 seduxit
669 3008 731 3061 nos,
747 2989 842 3046 Filius
857 2990 915 3047 Dei
929 2991 1055 3047 redemit
1069 3010 1131 3064 nos,
1146 2991 1281 3069 alleluya.

200 3070 444 3128 Poateommunio.
1121 3093 1124 3099 ·

200 3149 323 3226 Repleti
349 3150 489 3207 alimonia
516 3151 626 3208 caelesti
656 3157 687 3208 et
709 3150 858 3227 spirituali
881 3152 985 3226 poculo
1012 3153 1144 3224 recreati,
1167 3172 1346 3228 quaesumus,

140 3231 327 3308 omnipotens
341 3231 432 3303 Deus,
445 3237 480 3289 ut
493 3232 531 3288 ab
544 3232 629 3289 hoste
652 3232 782 3308 maligno
803 3232 942 3289 defendas
956 3253 1029 3308 quos
1042 3253 1095 3309 per
1108 3234 1223 3309 lignum
1237 3242 1346 3293 sanctae

140 3313 235 3370 crucis
249 3313 322 3370 Filii
334 3312 381 3370 tui
395 3312 484 3369 armis
494 3313 621 3388 justitiae
636 3333 688 3390 pro
702 3313 798 3371 salute
811 3314 917 3370 mundi
930 3314 1114 3390 triumphare
1122 3316 1248 3390 jussisti
1288 3316 1347 3375 Per

141 3393 277 3452 eundem.

139 3597 254 3655 Eonnu
274 3613 330 3654 nm
347 3611 528 3654 siroroaou
547 3613 720 3654 usamnuu
738 3597 937 3669 Anaximar,
956 3597 1097 3672 uveam,
1113 3615 1150 3655 nr
1171 3598 1343 3660 Turonum.

621 3691 660 3768 (v.
677 3692 756 3749 Non.
773 3692 860 3771 Mai.)
934 3695 937 3700 ’

202 3821 343 3898 Officium.
388 3819 642 3879 Exclamaverunt
656 3821 694 3879 ad
708 3829 746 3879 te.

202 3903 313 3962 Oratio.

198 3984 321 4056 Praesta,
336 4002 513 4060 quaesumus,
535 3984 722 4059 omnipotens
742 3983 834 4056 Deus,
855 3995 891 4042 ut
911 3987 963 4062 qui
984 3993 1155 4044 sanctorum
1175 3996 1343 4068 martyrum

135 4072 267 4138 tuorum,
291 4064 470 4134 Alexandri,
494 4064 626 4134 Eventu,
651 4069 682 4121 et
704 4064 849 4122 Theoduli
871 4068 1010 4125 natalitia
1033 4069 1164 4141 colimus,
1188 4089 1207 4128 a
1229 4076 1344 4132 cunctis

136 4146 224 4204 malis
236 4145 464 4203 imminentibus
478 4164 580 4202 eorum
594 4145 855 4204 intercessionibus
868 4147 1034 4207 liberemur.
1078 4149 1143 4207 Per.

198 4227 340 4302 Epistola.
383 4225 503 4284 Reddet
516 4226 606 4285 Deus.

198 4307 347 4383 Alleluya
397 4308 426 4364 V.
451 4306 553 4364 Sancti
567 4306 623 4377 tui,
639 4306 776 4379 Domine,
792 4308 950 4370 florebunt.

196 4388 346 4464 Alleluya
395 4388 424 4446 V.
448 4387 586 4444 Surrexit
604 4387 741 4446 Christus
755 4389 808 4465 qui
826 4390 939 4447 creavit
955 4392 1072 4452 omnia:
1092 4398 1123 4451 et
1139 4393 1280 4456 misertus
1298 4403 1343 4457 est

133 4470 265 4528 humano
278 4469 398 4546 generi:
419 4469 463 4527 vel
474 4470 509 4527 de
523 4467 702 4528 recensione.
