2946 5002
475 368 584 450 Micca
606 369 644 436 dc
665 370 813 438 Nomine
833 372 922 439 Jeec.

479 536 502 594 J
502 555 568 594 esus
581 544 626 594 est
640 537 802 612 deliciosus,

479 617 521 674 Et
534 619 612 694 sapit
625 619 800 678 dulcissime.

439 696 461 755 J
462 717 529 755 esus
541 698 621 756 fama
633 699 785 775 gloriosus,

478 779 568 837 Jesus
582 781 695 838 cunctis
708 781 884 854 fructuosus,
980 852 981 855 Ἰ

479 858 501 917 J
503 879 568 917 esus
582 867 664 919 totus
677 863 828 920 victuosus

480 939 575 998 Fovet
589 961 656 999 suos
670 942 788 1019 optime.

439 1020 560 1079 Summe
572 1028 678 1099 potens
691 1024 723 1080 in
740 1025 846 1102 vigore,

477 1101 599 1160 Summe
613 1103 706 1162 celsus
719 1105 753 1161 in
766 1104 887 1178 honore,

477 1182 598 1241 Summe
612 1191 713 1260 gratus
726 1185 760 1242 in
774 1205 881 1259 amore,

480 1263 606 1322 Omnem
619 1265 736 1323 laudem
750 1267 873 1325 obtinet.

435 1343 475 1401 In
488 1345 605 1403 sciendo
619 1365 732 1404 summe
746 1349 833 1424 sepit,

477 1425 647 1485 Ambiendo
661 1435 767 1486 cuncta
780 1428 869 1505 capit,

479 1506 638 1583 Diligcndo
652 1509 739 1566 corda
752 1511 840 1586 rapit,

478 1586 520 1644 Et
533 1587 652 1645 illecta*
665 1590 783 1647 retinet.

438 1667 495 1725 uia
507 1688 616 1725 nomen
628 1670 713 1726 nobis
726 1676 853 1746 gratum,

475 1748 498 1807 J
499 1768 564 1806 esus
578 1748 671 1807 dulcis
684 1750 874 1827 appellatum,

478 1829 525 1887 Sit
537 1830 571 1886 in
583 1831 669 1887 corde
683 1831 724 1888 sic
737 1831 897 1903 firmatum,

478 1910 526 1969 Ut
539 1930 600 1968 non
613 1911 705 1988 possit
718 1912 791 1969 erui

437 1990 505 2048 Hoc
519 1998 634 2049 rectum
647 1999 834 2068 peccatorum

476 2072 590 2146 Tollat3
610 2079 730 2149 praestet
738 2074 906 2150 jubilorum

477 2152 574 2227 Odas3
595 2155 662 2212 sede
675 2155 831 2212 beatorum

477 2233 578 2292 Donet
591 2236 676 2293 nobis
689 2235 811 2312 peffrui.
853 2237 960 2293 Amen.

156 2349 247 2428 Infra
259 2352 514 2430 Septucyecimcm.
559 2357 690 2416 Tractus.

476 2448 571 2507 Dulce
584 2469 692 2507 nomen
703 2450 726 2508 J
727 2470 779 2508 esu
793 2449 913 2522 Christi,

476 2529 563 2587 Felix
576 2550 662 2587 omen
675 2531 773 2589 ferens
785 2533 874 2605 cristi,

516 2610 538 2668 J
539 2611 689 2669 ocuudens
701 2617 830 2670 mentem
840 2613 937 2689 jubilo
948 2633 957 2684 ;

421 2690 449 2749 V.
476 2691 569 2749 Tollit
582 2692 704 2765 luctum,
720 2693 806 2751 affert
819 2693 957 2766 fructum,

474 2772 515 2829 Et
529 2773 690 2831 obductum
704 2779 735 2831 et
748 2774 903 2832 seductum

513 2853 628 2930 Purgat
640 2874 691 2912 eor
704 2875 722 2912 e
734 2855 846 2915 nubilo.

419 2933 449 2993 V.
475 2933 681 3008 Nominatum,
696 2936 877 3010 invocatum,

473 3014 671 3089 Honoratum,
686 3018 888 3093 praedicatum,

514 3095 635 3174 Semper
648 3104 735 3155 sonet
748 3097 882 3156 dulciter.

419 3174 448 3233 V.
475 3175 549 3233 Tam
561 3183 722 3253 peccatum,
738 3196 828 3253 quam
841 3184 967 3251 reatum,

474 3256 689 3328 Gondonatum,
705 3265 902 3334 expurgatum

515 3337 629 3395 Reddit
641 3338 773 3396 mulcens
786 3338 901 3396 leniter.

420 3418 450 3478 V.
477 3417 588 3476 Hostes
601 3418 680 3490 ferit,
695 3438 790 3476 mores
804 3420 884 3492 serit,

371 3570 373 3574 ,
475 3498 649 3572 Malaferit,
664 3519 767 3576 gmvee
781 3500 867 3577 gerit,

513 3579 641 3637 Plenum
654 3586 699 3638 est
713 3581 903 3658 praesidium3

418 3660 448 3720 V.
473 3661 538 3719 Nos
552 3661 692 3734 defendit,
708 3681 763 3719 nos
776 3663 918 3735 accendit,

472 3740 537 3799 Nos
551 3743 681 3800 intendit
694 3749 725 3801 et
739 3744 875 3801 extendit

513 3823 582 3882 Hoc
595 3843 704 3881 nomen
717 3824 750 3881 in
763 3825 912 3902 goudium.

152 3935 320 3995 Secundum
333 3936 509 3995 Mottltaeum
521 3937 558 4015 (i.
576 3939 696 4016 20-23).

152 4015 192 4074 In
204 4018 257 4075 illo
270 4026 411 4095 tempore,
427 4018 563 4094 Angelus
576 4019 700 4077 Domini
714 4019 851 4097 apperuit
873 4037 964 4094 ecque
978 4017 1019 4076 cc
1031 4017 1184 4078 nobiccum
1198 4018 1288 4078 Deus.

151 4114 409 4254 ssfezzofflgcmeo
418 4195 562 4253 daemonie
576 4195 695 4272 ejicient
709 4218 715 4256 :
731 4197 840 4276 linguis
854 4197 1013 4273 loquentur
1022 4196 1107 4255 novin
1120 4218 1127 4255 :
1142 4203 1291 4274 cerpentes

90 4274 217 4336 tollent:
239 4283 270 4335 ct
292 4277 318 4335 ei
341 4275 528 4334 mortiferum
552 4276 624 4352 quid
647 4277 783 4350 biben‘nt,
799 4298 853 4336 nos
873 4279 915 4335 eis
934 4278 1072 4337 nocebit:
1092 4297 1180 4355 super
1199 4297 1291 4356 aegrcc

90 4374 195 4415 manus
208 4358 372 4435 imponent,
387 4361 418 4412 et
430 4356 505 4415 bene
518 4355 677 4430 habebunt,
692 4359 827 4434 alleluyn
862 4385 865 4392 ¹

587 4496 602 4523 ⁴*
618 4497 784 4550 Edu-,illoc
