2946 5002
507 344 616 410 Missa
637 344 676 410 dc
697 343 845 410 Nomine
865 345 957 410 Jecu.

480 512 576 569 Amat
589 511 811 584 ferventissime,

521 596 617 649 Amat
629 592 873 664 constantissime,

520 674 616 730 Amat
629 672 805 744 fidelissime,

522 753 563 810 Et
576 773 644 811 suos
658 754 725 811 vult
734 754 849 830 juvare.

481 833 602 892 Nomen
614 854 701 891 suum
714 834 784 891 fecit
797 832 866 905 tale,

520 915 568 974 Ue
581 915 621 972 eit
634 916 747 972 cunctis
761 913 896 986 cordiale,

521 995 663 1071 Capitale,
677 995 848 1073 principale,

521 1076 674 1134 Dilectum
687 1096 725 1134 ex
737 1076 860 1133 intimis„

480 1156 605 1214 Habent
618 1156 673 1214 hoc
686 1162 800 1214 ncturae
809 1158 888 1233 jura,

521 1237 568 1296 Ut
581 1243 731 1294 amantem
744 1244 808 1295 tota
821 1256 891 1295 cure

520 1317 707 1389 Recmemue‚
722 1318 869 1394 placitura

520 1398 699 1456 Praestuntes
713 1418 751 1456 ex
764 1398 877 1456 animis.

479 1479 502 1538 J
503 1498 555 1537 esu
567 1499 675 1536 nomen
688 1499 775 1536 omne
787 1481 899 1537 bonum

520 1560 621 1631 Tenet,
638 1560 753 1617 dulcem
766 1561 838 1617 facit
851 1578 965 1631 senum,

519 1639 709 1698 Promeretur
723 1640 808 1716 regni
819 1640 970 1713 thronum,

518 1721 670 1778 Audilum
682 1721 821 1778 letificat.

478 1801 517 1858 In
530 1801 586 1860 hoc
599 1802 677 1860 lucet
691 1803 828 1878 splendor
841 1801 951 1874 Patris,

518 1882 558 1940 In
571 1883 626 1940 hoc
640 1889 722 1958 putet
735 1882 822 1940 decor
835 1882 947 1953 metris,

518 1962 558 2020 In
571 1962 625 2021 hoc
638 1964 733 2040 fulget
746 1963 840 2020 honor
852 1963 961 2034 fratris,

517 2043 593 2102 Haec
605 2044 711 2101 fratres
727 2044 903 2120 magnificat.

477 2124 575 2200 Caput
584 2125 606 2183 J
607 2145 666 2196 esu,
682 2144 740 2197 cor,
755 2144 847 2196 mene,
863 2141 975 2196 manue,

516 2205 644 2277 Vulnus,
660 2206 743 2273 livor,
759 2205 876 2281 sanguis
889 2205 1004 2280 planus,

516 2284 619 2357 Pedes,
636 2306 750 2362 corpus,
765 2287 960 2362 vigoramus,

516 2365 666 2423 Petuntur
678 2366 855 2424 hominibus.

447 2452 465 2486 ὓ
476 2446 552 2505 Haec
565 2453 742 2523 torquentur
755 2466 839 2523 passa
853 2446 935 2518 dura,

516 2527 577 2586 His
590 2529 695 2585 laesura
709 2535 739 2586 et
753 2534 862 2585 natura

518 2609 709 2686 Reparantur
722 2610 771 2685 pie
784 2628 863 2682 eura,

518 2689 657 2767 Purgatis
671 2690 851 2746 criminibue

477 2769 557 2845 Ergo
571 2770 676 2846 siquis
690 2770 763 2826 velit
777 2769 858 2840 seire,

516 2850 615 2919 Quare
629 2869 738 2906 nomen
750 2849 772 2907 J
773 2869 824 2906 esu
837 2849 911 2906 mire

518 2929 603 2991 Facit
617 2930 707 2986 bonos
721 2930 877 3006 concupire

518 3010 573 3068 Sui
586 3009 800 3083 inhaerentiam‚

476 3091 499 3150 J
499 3111 551 3149 esu
564 3090 686 3168 pulcher
698 3091 731 3148 in
745 3091 857 3163 decore,

517 3172 638 3231 Summe
653 3173 746 3230 bonus
759 3173 792 3229 in
805 3172 912 3243 valore,

515 3254 611 3326 Mitis,
627 3252 701 3311 lenis
715 3273 782 3312 cum
796 3253 923 3325 dulcore,

514 3334 631 3392 Pronus
645 3335 682 3391 ad
696 3334 890 3392 clementiam,

474 3415 497 3473 ‚J
498 3435 563 3473 esus
577 3421 622 3472 est
635 3435 689 3473 rex
702 3435 867 3491 generosus,

514 3496 536 3554 J
537 3516 603 3554 esus
616 3496 712 3553 forma
725 3497 881 3572 speciosus,

487 3576 536 3637 †J
537 3596 602 3634 esus
617 3577 719 3652 lingua
731 3576 878 3652 gratiosus

514 3656 555 3714 Et
570 3656 722 3713 mirandus
736 3675 830 3732 opere.

473 3737 496 3796 J
497 3757 563 3796 esus
576 3736 670 3807 fortis,
686 3737 845 3809 animosus,

513 3818 534 3876 J
537 3837 603 3876 esus
616 3816 699 3893 pugil
714 3817 874 3892 rigorosus,

411 3958 416 3968 ,
513 3898 536 3956 J
536 3917 603 3956 esus
617 3898 703 3955 donis
717 3897 850 3973 copiosus

513 3978 555 4036 Et
568 3979 678 4056 gaudet
691 3978 829 4035 tribuere.

472 4060 495 4119 J
496 4080 562 4119 esus
575 4061 624 4138 pie
636 4060 807 4128 viscerosus,

513 4141 535 4200 J
537 4161 603 4199 esus
616 4141 722 4198 ductor
734 4139 928 4211 luminosus,†

446 4331 460 4356 ¹
476 4330 522 4376 ffis
533 4329 646 4376 leventur
655 4329 721 4388 paesi
731 4329 800 4387 dure,

476 4390 530 4436 Hoc
539 4389 627 4435 loeeurc
635 4390 660 4433 et
669 4389 788 4447 nocitura,
797 4386 955 4436 lac-Morol.

153 4471 167 4532 's
183 4471 263 4518 These
272 4470 339 4531 eight
348 4471 410 4519 lines
420 4485 460 4518 cre
470 4472 533 4519 from
543 4471 615 4518 MSS.
627 4471 646 4518 0
656 4470 705 4517 and
714 4471 743 4518 F.
775 4471 891 4532 'Phryne
899 4469 997 4518 omitted
1004 4467 1030 4516 in
1039 4468 1081 4516 the
1089 4467 1186 4532 printed
1195 4467 1294 4516 eunom
