2946 5002
555 413 741 500 sequentia
764 415 972 482 Communes.

516 580 666 651 Quattuor
678 582 850 640 describunt
862 582 915 640 isti

518 662 740 732 Quadriionnes
753 669 837 722 actus
851 663 972 737 Christi,

517 744 560 801 Et
573 745 711 821 figurant,
725 750 761 802 ut
773 744 893 816 audisti,

558 824 690 902 Quisque
703 845 756 883 sua
769 824 904 885 formula.

516 904 616 963 Natus
629 905 717 963 homo
731 906 905 979 declaratur,

515 985 641 1044 Vitulus
654 988 845 1059 sacrificatur,

514 1065 576 1125 Leo
589 1073 716 1125 mortem
729 1067 924 1144 depraedatur,

555 1148 597 1205 Et
610 1149 742 1206 ascendit
755 1149 864 1225 aquila.

515 1229 592 1287 Ecce
604 1229 698 1288 forma
711 1229 851 1301 bestialis,

515 1310 612 1380 Quam
625 1311 773 1387 scripturn
785 1309 967 1388 prophetalis

456 1387 460 1395 ’
514 1391 621 1463 Notat,
637 1393 688 1449 sed
702 1392 863 1450 materialis

554 1472 630 1530 Haec
643 1479 689 1531 est
701 1473 860 1549 impositio,
891 1476 892 1480 ’

514 1552 648 1611 (luriunt
661 1553 744 1624 rotis,
758 1553 863 1611 volant
876 1553 931 1611 alis
942 1573 953 1628 3

513 1632 607 1691 Visus
620 1633 674 1690 lux
688 1640 733 1691 est
747 1633 921 1708 discretalis,

513 1715 594 1772 Rota
606 1734 708 1772 sensus
721 1714 854 1786 literalis,
894 1785 897 1791 .

551 1795 614 1853 Ala
626 1795 845 1872 contemplatio.

512 1875 671 1934 Paradisus
684 1876 732 1934 hia
745 1876 870 1953 rigatur,

510 1956 609 2028 Viret,
623 1957 720 2029 floret,
735 1957 922 2028 fecundatur,

511 2036 572 2096 Hie
584 2038 727 2111 abundat,
741 2038 788 2096 his
802 2038 922 2096 laetatur

552 2119 703 2188 Quattuor
715 2119 897 2177 fluminibus.

510 2201 591 2257 Fons
604 2206 650 2258 est
664 2200 810 2272 Christus,
825 2201 859 2258 hi
871 2205 944 2258 sunt
956 2198 1026 2272 rivi,

510 2280 590 2339 Fons
604 2288 649 2339 est
663 2281 752 2353 altus,
768 2281 801 2338 hi
814 2281 950 2358 proclivi,

511 2362 558 2421 Ut
571 2382 706 2439 saporem
718 2363 812 2420 fontis
824 2363 889 2420 vivi

551 2444 728 2511 Ministrent
742 2443 888 2503 fidelibus.

509 2523 631 2581 Horum
644 2525 710 2581 rivo
723 2524 867 2581 debriatis

510 2603 583 2662 Sitis
596 2611 707 2662 crescat
721 2605 862 2678 caritatis,

509 2684 558 2745 Ut
572 2685 610 2743 de
622 2685 706 2743 fonte
719 2684 841 2762 pietatis

550 2766 701 2825 Satiemnr
713 2767 838 2843 plenius.

509 2846 629 2906 Horum
641 2847 742 2907 trahat
756 2867 809 2906 nos
822 2846 959 2906 doctrina
985 2921 987 2925 y

508 2928 666 2987 Vitiorum
680 2929 717 2986 de
730 2929 856 3001 sentina,

510 3009 618 3088 Sicque
632 3010 723 3068 ducat
735 3009 774 3067 ad
787 3009 890 3068 divina

552 3091 604 3149 Ab
617 3090 677 3148 imo
691 3090 834 3166 superius.

194 3184 259 3246 Icta
287 3188 453 3263 pracedenc
477 3186 635 3264 Sequentia
662 3195 779 3244 tantam
806 3185 917 3244 dicitur
943 3185 978 3243 ia
1005 3185 1090 3246 Festo
1117 3189 1212 3248 scruti
1238 3189 1334 3260 Mica,

135 3267 321 3342 evacoyelictoe.

196 3347 238 3407 In
250 3349 348 3406 natali
360 3349 453 3407 unius
465 3349 616 3424 martyria.
658 3346 823 3423 Sequentia.

255 3429 409 3507 Organiois
422 3449 561 3488 canamus
574 3428 702 3487 modulis
715 3447 796 3486 nunc
815 3428 855 3486 N.
871 3428 1045 3502 sollemnia3

255 3509 430 3588 Omnigenis
444 3511 574 3569 Domino
581 3511 704 3568 vocibus
717 3510 872 3568 reddentes
885 3511 955 3568 odas
969 3510 1092 3583 debitas,

255 3590 316 3660 Qui
338 3591 372 3648 in
393 3593 454 3650 suis
476 3592 586 3650 sanctis
608 3591 753 3648 mirabilis
774 3591 871 3664 nimis,
900 3591 1061 3669 multiplici
1087 3589 1237 3649 virtutum
1264 3591 1335 3649 flore

335 3673 451 3730 eosdem
464 3673 630 3732 decoratae
643 3673 766 3730 mirifice
779 3673 904 3731 adornat
915 3691 923 3744 ;

254 3751 335 3810 Nam
348 3758 379 3810 et
398 3754 477 3830 ipsis,
493 3753 768 3832 quasiquibusdam
788 3753 907 3811 musicis
926 3751 1142 3824 instrumentis,
1156 3751 1251 3830 digito
1270 3772 1335 3829 pro-

334 3834 400 3910 prio
413 3835 595 3914 fidesagitat
608 3836 681 3894 fides
694 3835 843 3892 virtutum
857 3854 986 3892 sonoras,

253 3912 321 3973 Has
333 3934 487 3973 numerose
500 3936 673 3993 percurrens
690 3917 829 3992 singulas,
843 3915 999 3992 permiscet
1012 3913 1136 3993 singulis
1153 3913 1335 3974 diatessaron

333 3995 506 4053 mellifluam
525 3998 691 4068 melodiam,

253 4074 351 4145 Quam
363 4081 485 4151 generat
497 4078 646 4136 virtutum
660 4082 756 4135 mater
767 4078 829 4149 illa,
845 4096 919 4153 quae,
935 4076 1002 4134 aliis
1012 4076 1149 4135 decenter
1162 4076 1332 4154 composita,

333 4157 432 4214 reddit
451 4176 572 4216 suavem
585 4158 792 4236 symphoniam
803 4178 812 4230 3

254 4235 321 4306 Qua
334 4237 398 4294 sine
411 4243 518 4296 cuncta
530 4239 608 4296 fiunt
621 4240 748 4310 dissona,
762 4256 877 4295 necnon
890 4243 921 4296 et
934 4237 1060 4310 frivola3

253 4316 388 4386 Quacum
401 4318 501 4376 omnia
514 4319 592 4376 fiunt
611 4338 747 4391 consona,
762 4337 875 4376 necnon
889 4318 998 4391 utilia3

254 4396 321 4466 Qua
336 4398 422 4472 justi,
437 4399 512 4456 bene
524 4400 641 4471 morati,
655 4400 714 4457 rite
726 4404 862 4474 petentes
875 4399 989 4457 excelsa
1001 4397 1063 4475 poli
1076 4398 1179 4471 sidem,

252 4477 376 4534 Alacres
386 4478 546 4537 decantant
558 4497 637 4536 nova
649 4479 766 4536 cantion
778 4479 812 4535 in
825 4479 941 4537 cithara
954 4479 1109 4538 Threicia:
1143 4525 1145 4529 .

255 4555 388 4625 Quorum
401 4566 521 4637 agentes
533 4560 617 4631 festa,
632 4558 779 4618 consortia
793 4577 960 4619 mereamur
972 4559 1006 4616 in
1019 4559 1128 4620 oaelesti
1139 4561 1245 4639 patria.
