2946 5002
679 326 775 390 Festo
796 323 900 391 Julii.

684 540 801 598 Tnarro
822 557 885 598 nm.

248 645 389 721 Officium.
434 646 512 704 Mihi
527 651 636 704 autem.

245 727 354 786 Oratio.
398 728 480 785 Deus
494 728 547 804 qui
560 727 741 784 hodiernam.

243 809 359 884 Epistol
378 855 384 868 .
427 809 449 866 J
450 829 499 866 am
513 828 572 865 non
587 808 657 865 estis
670 807 808 884 hospites·

246 889 382 947 Grodole.
426 889 604 947 Constitues.

241 970 392 1047 Alleluya.
441 971 470 1028 V.
493 971 533 1028 In
547 990 664 1027 omnem
678 975 795 1027 terram

241 1051 445 1126 Eeonqeiinoi.
489 1052 564 1108 Haec
578 1051 686 1108 mando
700 1050 791 1109 vobis.

244 1130 439 1205 Offirtorinoi.
471 1131 657 1190 .Oonstitues
671 1150 727 1188 eos.

243 1211 425 1270 Ocnirncenio.
468 1213 576 1284 Amen,
592 1213 657 1269 dico
671 1212 763 1269 vobis.

238 1292 490 1352 Dorninieaint'ro
503 1295 529 1350 si
542 1294 686 1351 vocaverit
699 1314 719 1349 o
729 1293 813 1350 Festo
826 1311 927 1349 nocem
934 1290 1113 1362 Lectionum,
1125 1290 1267 1348 dicantar
1280 1291 1382 1348 omnic

181 1373 216 1431 de
230 1372 390 1432 Communi
403 1375 608 1452 apostoloram,
624 1394 691 1432 carn
704 1394 768 1430 nnc
781 1374 815 1431 de
830 1372 924 1430 tribas
936 1370 1040 1428 Missis
1060 1371 1197 1447 superins
1213 1372 1383 1448 specificatic

180 1455 215 1510 in
228 1456 329 1513 ordine
343 1476 396 1514 sno
409 1457 542 1531 sumptis,
559 1475 626 1513 carn
639 1454 802 1529 Sequentiis
811 1454 972 1512 secundnm
985 1452 1124 1510 ordinem.

223 1721 225 1725 ,
262 1664 302 1721 Iu
324 1664 561 1723 Talusmmcun
581 1681 687 1724 saucrr
709 1665 859 1736 Menum,
881 1681 1015 1724 nrrscorr
1037 1681 1074 1722 nr
1095 1682 1300 1725 consessores.

663 1762 714 1840 (iv.
731 1764 809 1823 Nou
825 1762 902 1842 Jul.)

241 1860 381 1935 Officium.
424 1862 538 1919 Statuit
551 1861 605 1920 ei*

241 1941 350 2002 Oratio

239 2022 330 2095 Deus,
345 2023 398 2100 qui
414 2024 523 2100 populo
541 2029 594 2081 tuo
612 2030 728 2081 aeternae
751 2025 855 2082 salutis
876 2026 997 2082 beatum
1020 2024 1188 2082 Martinam
1209 2025 1380 2084 ministrum

176 2105 352 2174 concessisti,
366 2111 483 2180 praesta,
498 2125 675 2180 quaesumus,
685 2112 719 2162 ut
729 2125 818 2181 quem
831 2106 981 2163 doctorem
990 2105 1062 2162 vitae
1075 2106 1234 2163 habuimus
1247 2107 1280 2163 in
1293 2109 1380 2165 terris

175 2184 399 2243 intercessorem
412 2205 527 2262 semper
540 2186 647 2243 habere
662 2206 825 2244 mereamur
837 2187 870 2243 in
884 2187 969 2244 caelis.
1013 2186 1072 2244 Per
1085 2187 1256 2245 Dominum.

237 2265 272 2321 M
273 2266 382 2323 ernoric
396 2265 430 2322 de
444 2266 595 2340 Apostoiic.

236 2346 376 2422 Epistol.
421 2346 526 2403 Omnis
540 2346 681 2421 pontifex

238 2427 372 2484 Grodoie.
416 2426 552 2499 Domine,
568 2425 744 2502 praevenisti.

235 2507 385 2583 Alleluya.
434 2508 462 2566 V.
485 2508 594 2565 Just'us
607 2506 793 2583 germinabit.

234 2588 397 2662 Sequentia.
441 2588 628 2646 Sacerdotem
649 2587 873 2660 Christiania
893 2588 952 2646 olio
966 2588 1057 2660 Festo,
1073 2610 1168 2664 quaere
1188 2592 1222 2648 in
1237 2593 1296 2649 otio
1317 2592 1379 2667 (aas

174 2668 265 2727 Festo.

232 2750 434 2822 Enoripetinrn.
478 2750 582 2807 Nolite
604 2750 709 2808 timere
729 2749 854 2827 pusillus
873 2770 947 2826 grex
967 2760 1057 2825 nccare
1077 2753 1118 2809 od
1138 2759 1168 2810 et
1182 2773 1232 2810 cor
1244 2760 1376 2811 vestrum

175 2830 239 2888 erit.

236 2911 428 2984 Offertcrium.
473 2911 600 2968 Veritas.

233 2992 355 3050 Secreto.

233 3073 430 3149 Omnipotens
444 3074 619 3149 sempiterne
634 3073 724 3144 Deus,
734 3093 856 3131 munera
869 3079 929 3131 tuae
943 3075 1093 3150 majestati
1107 3075 1208 3132 oblata
1219 3095 1273 3152 per
1286 3077 1376 3134 inter-

171 3154 330 3212 cessionem
352 3153 432 3210 beati
453 3154 588 3226 Martini,
603 3155 775 3212 confessoris
795 3155 842 3212 tui
861 3161 951 3231 atque
971 3157 1128 3232 pontificis,
1143 3157 1180 3214 ad
1200 3164 1374 3234 perpetuam

172 3235 218 3296 fac
232 3237 317 3293 nobis
331 3235 470 3310 prolicere
484 3237 616 3293 salutem.
660 3236 719 3293 Per
733 3235 905 3293 Dominum.

234 3315 415 3375 Communia
459 3316 569 3374 Beatus
583 3337 692 3375 servus.

233 3398 474 3457 Postcomneernio.

230 3479 420 3537 Sacramenta
443 3479 546 3536 salutis
569 3485 677 3536 nostrae
701 3479 901 3555 suscipientes,
926 3477 1059 3549 concede,
1079 3499 1255 3555 quaesumus,
1279 3481 1371 3538 omni-

168 3566 272 3636 potens
300 3562 392 3628 Deus,
421 3565 455 3616 ut
482 3560 562 3617 beati
587 3559 722 3630 Martini,
746 3560 919 3616 confessoris
946 3560 993 3616 tui
1019 3566 1109 3636 atque
1136 3561 1292 3636 pontificis,
1316 3581 1372 3618 nos

169 3641 279 3717 ubique
293 3643 388 3700 oratic
411 3641 542 3716 adjuvet,
565 3641 598 3697 in
611 3641 696 3715 cnjus
709 3641 900 3697 veneratione
921 3640 983 3697 haec
1006 3645 1065 3697 tuae
1088 3641 1250 3700 obtulimus
1270 3643 1373 3718 majes-

171 3723 236 3781 tati
280 3724 347 3781 Per.

378 3882 419 3939 Iu
439 3881 566 3938 Ocurri
586 3879 821 3938 Arosronoauu.
866 3876 960 3954 (Prid.
978 3880 1059 3938 Non.
1077 3879 1154 3957 Jul.)

231 4023 370 4097 Officiaoc.
415 4020 599 4098 Sapientiam
613 4025 789 4077 sanctorum.

232 4103 341 4161 Oratio.

229 4185 319 4256 Deus,
349 4185 433 4260 cujus
460 4183 583 4240 dextera
610 4181 731 4237 beatum
761 4179 885 4236 Petrum
913 4181 1078 4257 apostolum
1106 4181 1310 4239 ambulantem
1336 4181 1370 4238 in

168 4267 307 4324 fluctibus
320 4285 358 4322 ne
372 4270 555 4340 mergeretur
568 4261 671 4334 erexit,
688 4268 719 4318 et
740 4261 940 4336 coapostolum
960 4263 1022 4338 ejus
1044 4262 1172 4319 Paulum
1188 4264 1278 4320 tertio
1297 4283 1370 4321 nau-

229 4397 242 4422 *
259 4397 291 4441 So
305 4397 331 4440 in
346 4396 379 4440 all
394 4396 479 4452 MSS.;
501 4397 546 4441 but
561 4394 630 4451 Edu,
645 4392 729 4438 “Mihi
744 4392 844 4450 cunm?
858 4393 938 4438 which
953 4394 979 4439 in
994 4394 1035 4439 the
1051 4407 1112 4452 copy
1122 4393 1147 4440 ol
1162 4394 1217 4441 first
1229 4394 1319 4453 neuin
1329 4395 1370 4440 the

170 4455 289 4512 Bodleian,
300 4457 343 4500 has
354 4456 414 4500 bccn
425 4455 546 4501 corrected
556 4455 590 4514 by
600 4451 670 4498 hand.
