2946 5002
151 303 221 365 228·
369 299 543 368 Orationes
555 302 713 377 1110011100
735 311 813 368 uate
835 310 864 368 et
881 304 956 388 'post
977 303 1019 368 M
1020 303 1128 368 issum.

149 473 231 526 veste
244 487 393 545 purpurea
405 469 660 527 circumdederunt
676 489 752 542 eum,
768 476 798 527 et
812 469 970 527 veniebant
990 471 1028 527 ad
1048 489 1126 542 eum,
1141 475 1172 527 et
1191 469 1347 527 dicebant:

149 548 228 621 Ave,
252 568 307 606 rex
329 548 510 610 Judaeornm.
554 551 595 607 Et
616 550 726 607 dabant
749 551 778 608 ei
804 551 912 627 alapas,
936 556 1114 626 exspuentes
1139 550 1173 607 in
1199 569 1286 622 eum;
1317 557 1349 608 et

149 636 324 706 acceperunt
337 631 520 701 arundinem,
535 637 566 688 et
581 632 785 707 percutiebant
805 638 894 708 caput
914 633 984 708 ejus.
1028 632 1227 708 Susceperunt
1247 636 1349 689 autem

149 711 260 768 milites
273 708 295 768 J
296 731 385 783 esum,
402 717 432 768 et
445 712 617 787 bajulabant
638 712 695 768 sibi
715 731 839 782 01110011,
855 718 886 769 01
906 713 1001 770 exivit
1020 713 1053 769 in
1072 712 1159 769 illum
1177 711 1274 770 locum
1295 712 1350 788 qui

150 791 260 849 dicitur
274 791 426 863 Oalvariae,
442 798 472 848 et
485 793 528 849 ibi
541 792 750 850 crucifixerunt
765 812 842 862 eum,
857 799 887 850 et
905 813 973 850 cum
992 813 1027 850 eo
1047 793 1120 850 alios
1134 793 1208 850 duos
1228 793 1298 850 hinc
1318 800 1349 850 et

149 872 227 944 iude,
242 872 373 929 medium
392 879 493 930 autem
512 873 625 933 Jesum.
668 873 776 931 Postea
797 873 890 931 sciens
911 873 933 930 J
935 894 1000 931 esus
1023 874 1122 931 omnia
1142 892 1207 949 quae
1221 879 1349 933 ventura

151 958 242 1025 eraut,
259 953 336 1010 dixit
350 974 356 1010 :
378 952 461 1011 Sitio.
505 953 557 1010 Illi
570 959 669 1011 autem
683 954 835 1031 spongiam
849 953 966 1030 plenam
980 960 1062 1012 aceto
1079 955 1204 1030 hyssopo
1225 954 1349 1014 circum-

149 1039 292 1109 ponentes
306 1034 479 1091 obtulerunt
492 1035 537 1092 ori
550 1036 614 1110 ejus
625 1055 634 1108 5
655 1040 767 1092 etcum
779 1041 926 1110 gustasset
945 1035 1043 1092 noluit
1062 1036 1171 1107 bibere,
1188 1035 1238 1092 sed
1252 1035 1348 1093 dixit:

151 1113 395 1172 Consummatum
418 1121 471 1173 est.
514 1114 557 1172 Et
583 1115 725 1172 inclinato
750 1116 845 1192 capite
869 1116 968 1172 emisit
991 1116 1137 1193 spiritum.
1180 1116 1222 1172 Et
1245 1116 1350 1174 statim

149 1200 229 1252 terra
252 1196 437 1269 contremuit,
459 1195 503 1253 sol
526 1196 697 1253 obscuratus
721 1202 774 1266 est,
796 1204 826 1253 et
845 1197 945 1253 velum
969 1197 1072 1272 templi
1095 1197 1218 1254 scissum
1242 1203 1296 1268 est,
1318 1201 1350 1253 et

149 1281 241 1352 petrae
255 1276 354 1333 scissae.
363 1282 452 1348 sunt;
468 1283 499 1333 et
512 1283 704 1334 monumenta
716 1282 818 1353 aperta
832 1283 910 1347 sunt,
923 1283 953 1334 et
964 1278 1016 1353 qui
1030 1277 1222 1350 dormienmt,
1233 1296 1349 1334 surrex·

150 1363 246 1414 01111.
291 1357 363 1433 Quae
388 1377 455 1414 cum
478 1357 600 1414 vidisset
625 1357 767 1428 centurio,
787 1357 885 1422 dixit:
906 1357 986 1415 Vere
1009 1358 1088 1415 filius
1112 1357 1169 1416 Dei
1193 1366 1257 1416 erat
1281 1358 1346 1415 iste.

150 1437 281 1494 Tandem
305 1457 382 1494 unus
404 1437 535 1516 militum
558 1438 659 1495 lancea
682 1438 761 1494 latus
788 1439 852 1513 ejus
879 1439 1002 1514 aperuit,
1028 1445 1059 1496 et
1085 1439 1226 1496 continuo
1253 1438 1349 1496 exivit

150 1517 269 1594 sanguis
283 1524 313 1575 et
326 1537 410 1594 aqua.
446 1518 488 1574 Et
501 1518 554 1593 qui
566 1518 624 1575 ista
638 1518 713 1577 vidit
725 1519 930 1576 testimonium
943 1519 1103 1596 perhibuit,
1114 1525 1144 1576 et
1157 1519 1264 1579 scimus
1279 1520 1349 1595 quia

151 1618 253 1657 verum
267 1604 313 1656 est
321 1599 531 1677 testimonium
544 1600 615 1675 ejus.

212 1692 321 1750 Oratio.
366 1706 370 1712 ·
674 1688 676 1692 ’
828 1742 830 1745 .

210 1771 299 1843 Deus,
315 1773 367 1848 qui
380 1792 484 1829 manus
497 1779 564 1830 tuas
577 1779 608 1830 et
620 1773 708 1850 pedes
721 1779 789 1830 tuos
803 1779 834 1830 et
846 1779 945 1831 totum
958 1792 1062 1848 corpus
1083 1778 1169 1829 tuum
1189 1792 1243 1848 pro
1263 1772 1349 1829 nobis
1422 1843 1424 1848 .

150 1854 351 1929 peccatoribus
364 1854 397 1919 in
410 1852 490 1929 ligno
504 1854 597 1911 crucis
610 1853 745 1930 posuisti,
761 1859 792 1911 01
812 1854 950 1911 coronam
970 1855 1121 1930 spinarum
1144 1874 1162 1911 a
1182 1852 1296 1910 Judaeis
1317 1853 1349 1909 in

152 1935 292 2010 despectu
304 1935 351 1992 tui
365 1934 553 1992 sacratissimi
573 1935 701 2011 corporis
715 1954 803 2011 super
823 1941 912 2010 caput
931 1940 1019 1992 tuum
1031 1933 1201 2010 impositam
1221 1934 1349 1991 sustinu-

152 2015 204 2072 isti
211 2035 221 2088 3
243 2023 273 2073 et
286 2016 416 2092 quinque
429 2016 553 2072 vulnera
566 2035 619 2092 pro
633 2016 718 2073 nobis
731 2015 932 2091 peccatoribus
945 2015 978 2072 in
991 2015 1085 2072 crucis
1097 2015 1230 2091 patibulo
1248 2034 1350 2090 passus

152 2095 245 2169 fuisti,
259 2103 289 2153 et
303 2116 356 2154 nos
370 2115 452 2154 sacro
465 2097 607 2173 sanguine
620 2103 673 2154 tuo
687 2096 855 2167 redemisti;
869 2096 908 2153 da
917 2096 1011 2167 nobis,
1023 2114 1197 2172 quaesumus,
1210 2095 1347 2166 Do'miue,

151 2176 239 2234 hodie
261 2183 292 2234 et
316 2177 447 2253 quotidie
468 2196 556 2234 usum
578 2177 767 2253 paenitentiae,
782 2177 979 2248 abstinentiae,
993 2176 1154 2252 patientiae,
1169 2176 1350 2232 humilitatis

155 2263 186 2314 et
199 2258 361 2330 castitatis;
378 2259 489 2329 lumen,
503 2277 631 2329 sensum,
646 2264 676 2315 et
689 2257 874 2315 intellectum
888 2263 918 2314 et
931 2276 1032 2314 veram
1045 2257 1199 2314 scientiam
1211 2275 1304 2332 usque
1318 2257 1351 2313 in

153 2339 244 2396 finem
257 2339 337 2411 vitae,
352 2358 404 2415 per
416 2344 456 2410 te,
470 2338 544 2397 Jesu
559 2338 685 2410 Christe,
701 2338 836 2395 Salvator
849 2338 962 2408 mundi,
976 2339 1029 2413 qui
1044 2356 1111 2394 cum
1124 2336 1188 2394 Deo
1209 2336 1299 2394 Patre
1320 2344 1351 2394 et

155 2418 269 2495 Spiritu
283 2420 390 2478 Sancto
403 2419 480 2477 vivis
493 2425 525 2477 et
537 2439 641 2496 regnas
655 2418 746 2490 Deus,
769 2418 827 2476 Per
841 2419 941 2477 omnia
954 2418 1060 2476 saecula
1073 2418 1253 2476 saeculorum.
1326 2440 1332 2453 ·

636 2595 727 2653 From
745 2594 811 2653 MS.
830 2596 872 2653 D:

483 2712 602 2775 0111110
623 2728 761 2768 murana
781 2727 863 2769 1111
884 2711 1016 2768 Μ101111.

214 2833 341 2890 Domine
355 2833 377 2890 J
378 2852 428 2889 esu
444 2832 568 2904 Christe,
584 2852 649 2908 spes
663 2840 693 2889 et
707 2833 785 2889 salus
798 2834 831 2890 in
844 2839 875 2890 te
895 2832 1086 2908 sperantium,
1100 2832 1238 2889 decusat
1257 2831 1352 2888 honor

153 2913 343 2985 sacerdotum,
359 2913 434 2970 Jesu
457 2913 513 2988 pie,
527 2913 601 2970 Jesu
625 2914 709 2983 bone,
731 2914 840 2989 gratim
862 2913 920 2969 tibi
942 2933 996 2990 ago
1019 2913 1072 2989 qui
1095 2913 1174 2970 inter
1196 2912 1352 2987 collegium

153 2994 336 3052 sacerdotum
363 2999 483 3051 tuorum
509 3012 556 3051 me
584 3013 792 3051 connumerare
816 2993 954 3070 dignatus
982 3013 1019 3052 es.
1069 2993 1138 3066 Fac,
1164 2993 1240 3050 bone
1267 2993 1351 3063 Jesu,

153 3093 268 3132 mecum
287 3074 403 3132 obsecro
424 3073 499 3132 hanc
519 3074 748 3132 misericordiam
757 3094 765 3146 ;
786 3079 821 3131 ut
835 3075 872 3132 ad
892 3074 1009 3132 laudem
1028 3080 1059 3132 01
1078 3074 1201 3151 gloriam
1222 3073 1352 3132 nominis

153 3156 201 3212 tui
214 3161 245 3212 et
265 3161 372 3212 sanctae
394 3155 498 3212 Mariae
519 3155 623 3213 matris
641 3161 710 3227 tuae,
726 3161 757 3212 et
779 3156 913 3222 omnium
936 3155 1111 3213 Sanctorum
1127 3161 1216 3232 atque
1240 3161 1348 3212 sanctae

154 3237 258 3294 matris
278 3236 424 3307 Ecclesia,
445 3243 476 3294 et
495 3237 533 3294 ad
551 3236 737 3295 devotionem
760 3236 862 3313 populi
882 3237 930 3294 tui
953 3243 983 3293 et
1003 3236 1226 3294 aedificationem
1245 3236 1352 3292 auimae

154 3337 234 3390 meae,
250 3318 369 3375 missam
390 3318 505 3375 valeam
528 3317 614 3375 hodie
638 3318 791 3390 celebrare,
808 3337 912 3394 corpus
935 3325 1023 3374 tuum
1046 3317 1263 3374 sanctissimum
1287 3336 1353 3373 con-

155 3418 274 3470 secrare,
290 3405 321 3457 et
334 3398 461 3456 officium
477 3398 655 3456 sacerdotale
675 3399 811 3475 perficere
825 3399 914 3475 digne
927 3399 1097 3474 devoteque,
1111 3403 1148 3454 ut
1167 3397 1224 3455 tibi
1237 3397 1351 3455 valeam

155 3479 268 3554 placere
282 3487 312 3537 et
325 3479 420 3538 vitam
433 3499 529 3536 meam
541 3479 574 3536 in
587 3485 640 3537 tuo
653 3485 754 3537 saneto
768 3479 888 3537 servitio
902 3481 1000 3538 fovere
1014 3486 1044 3536 et
1057 3479 1150 3536 finire.
1193 3481 1301 3537 Amen

491 3677 611 3735 011110
630 3693 769 3734 11011111
789 3693 861 3736 rosr
882 3676 1015 3735 Missas.

218 3801 335 3859 Gratias
352 3801 410 3858 tibi
432 3820 494 3877 ago,
517 3799 645 3857 Domine
667 3800 740 3857 Jesu
766 3798 890 3870 Christe,
913 3799 965 3876 qui
987 3818 1035 3856 me
1054 3799 1195 3856 miserum
1212 3797 1353 3875 indignis·

157 3882 264 3940 simum
288 3889 318 3939 et
344 3881 576 3939 infelicissimum
599 3886 780 3956 peccatorem
803 3880 841 3936 ad
864 3880 1072 3938 sacerdotalem
1093 3879 1269 3956 dignitatem
1290 3897 1354 3954 per-

155 3964 256 4021 venire
269 3963 372 4034 fecisti,
388 3962 506 4019 etmihi
519 3961 606 4021 hodie
626 3980 665 4018 ex
678 3961 755 4017 dono
775 3960 917 4037 largifluae
937 3961 1079 4018 bonitatis
1099 3966 1168 4033 tuae,
1183 3965 1214 4017 et
1232 3977 1294 4016 101
1315 3979 1354 4017 ex

156 4043 229 4101 meis
243 4044 363 4116 meritis,
379 4043 546 4101 concessisti
558 4041 685 4119 gratiam
698 4041 886 4098 consecrandi
906 4041 1134 4098 sacratissimum
1147 4060 1252 4116 corpus
1265 4046 1352 4098 tuum

157 4130 188 4182 et
208 4124 400 4200 sanguinem,
420 4123 553 4196 concede,
567 4142 674 4198 quaeso,
688 4142 741 4198 per
761 4121 1001 4199 benignissimam
1020 4121 1250 4179 misericordiam
1269 4134 1354 4178 tuum

157 4211 187 4263 et
200 4205 379 4263 ineffabilem
392 4205 534 4281 pietatem
547 4209 631 4261 tuam
644 4209 674 4261 et
690 4208 821 4260 sanctam
842 4204 1008 4280 passionem
1028 4208 1113 4260 tuam
1135 4207 1166 4260 et
1187 4221 1301 4259 crucem
1323 4211 1354 4259 et

71 4354 74 4360 φ
156 4305 209 4362 per
221 4287 365 4344 virtutem
378 4285 467 4360 hujus
477 4284 652 4343 venerabilis
665 4284 848 4357 sacramenti,
860 4290 896 4341 ut
908 4284 963 4342 hoo
976 4282 1124 4341 ineffabile
1138 4288 1354 4340 sacramentum

157 4366 236 4442 quod
249 4366 360 4442 sumpsi
373 4366 513 4442 indignus
526 4371 668 4443 peccator,
684 4384 745 4422 non
758 4365 798 4421 sit
810 4364 886 4422 mihi
898 4371 997 4422 reatus
1011 4365 1048 4422 ad
1061 4382 1176 4440 panum
1190 4363 1241 4421 sed
1261 4363 1353 4420 inter-

157 4447 247 4504 cessio
261 4446 398 4505 salutaris
418 4446 595 4520 adveniam,
611 4453 646 4504 ut
668 4444 808 4523 quicquid
829 4445 915 4505 hodie
937 4446 974 4504 ad
995 4450 1129 4504 sanctum
1152 4444 1245 4503 altare
1266 4450 1351 4501 tuum
