2946 5002
154 355 217 417 124
587 354 683 420 Festo
704 353 742 417 N
740 351 906 419 osembrio.

212 517 391 579 Communio.
433 520 543 578 Beatus
557 539 666 577 servus.

212 601 453 659 Poeteootmunio.
952 650 955 654 .

212 681 353 738 Purificet
366 701 480 757 semper
493 687 522 739 et
536 681 653 739 muniet
666 680 713 737 tui
725 699 786 746 nos,
803 678 939 750 Domine,
954 678 1100 755 susceptio
1110 679 1304 751 sacrementi;
1318 685 1348 736 et

150 760 357 819 intercessione
380 762 556 820 sanctissimi
580 760 751 819 confessoris
777 761 824 817 tui
850 759 1004 830 Leonardi
1028 759 1179 836 perpetuis
1205 780 1259 836 per
1284 780 1347 818 eam

150 861 315 900 mereamur
327 843 442 919 gaudiis
454 842 615 901 admisceri.
658 842 724 900 Per.

188 1046 300 1104 Senem
321 1046 556 1119 Wmnnnnosm,
578 1061 712 1103 misceor
733 1062 770 1102 nr
790 1059 995 1103 corrnssoms.
1039 1043 1102 1121 (vii.
1119 1043 1198 1103 Non.
1215 1043 1309 1121 Nor.)

210 1175 351 1250 Officium.
395 1174 515 1232 Statuit.

211 1256 321 1315 Oratio.
363 1256 420 1327 Da,
436 1275 610 1331 quaesumus.

208 1337 349 1413 Epistola.
392 1337 467 1393 Ecce
481 1336 621 1393 sacerdos

210 1416 343 1478 Grodolo.
386 1416 509 1476 Juravit
523 1416 677 1474 Dominus.

208 1497 357 1574 Alleluya.
406 1498 435 1557 V.
457 1497 565 1556 Justus
577 1497 763 1574 germinabit.

207 1578 407 1653 Evangeliom.
450 1578 551 1635 Homo
565 1578 685 1653 quidam
698 1596 826 1655 peregre.

209 1658 401 1733 Offlrtootom.
443 1659 553 1731 Inveni
567 1658 673 1717 David.

208 1738 388 1812 Communia
432 1739 568 1812 Domine,
583 1740 722 1816 quinque.

175 1943 359 2002 Snumoeun
381 1943 551 2011 Qunrruon
572 1943 804 2003 Oenonnronun
825 1942 1016 2001 Mnemon.
1059 1941 1111 2020 (vi.
1127 1943 1205 2004 Non.
1222 1944 1316 2023 Nor.)

206 2074 347 2150 Officium.
391 2074 492 2133 Intret
505 2075 538 2131 in
551 2080 716 2151 conspectu.

207 2156 317 2214 Oratio.

203 2236 324 2307 Praesta,
339 2255 515 2312 quaesumus,
531 2236 716 2313 omnipotens
730 2236 820 2308 Deus,
836 2236 936 2312 utqui
951 2235 1091 2312 gloriosos
1111 2242 1256 2314 martyres
1276 2245 1344 2297 tuos

145 2316 311 2389 Claudium,
340 2317 551 2390 Nicostratum,
581 2316 837 2393 Symphorianum,
864 2317 1015 2375 Castorem
1041 2322 1130 2394 atque
1158 2317 1343 2394 Simplicium

142 2397 233 2455 fortes
246 2398 278 2455 in
292 2418 345 2456 sua
359 2398 537 2455 consessione
550 2398 749 2474 eognovimus,
760 2398 825 2474 pios
838 2397 916 2474 apud
929 2403 960 2456 te
974 2398 1007 2455 in
1020 2403 1121 2456 nostra
1133 2397 1343 2459 intercessione

83 2544 87 2554 ι
143 2479 313 2537 sentiamus.
356 2479 422 2536 Per.

203 2560 343 2635 Epicteto.
386 2558 637 2616 Rememoramini
649 2558 789 2635 pristinos
802 2558 872 2616 dies.

204 2640 338 2698 Gradolo.
381 2639 519 2712 Vindice,
536 2639 672 2697 Domine.

203 2721 351 2796 Alleluya.
400 2721 430 2778 V.
453 2720 601 2778 Mirabilis
616 2720 772 2778 Dominus,

201 2801 403 2876 Evangeliom.
447 2801 633 2858 Descendens
646 2801 668 2860 J
670 2821 735 2858 esus
749 2802 786 2859 de
799 2806 909 2859 monte.

202 2881 394 2954 Offertoriom.
437 2882 551 2938 Anima
563 2888 670 2940 nostra.

200 2961 321 3020 Secreto.

200 3041 373 3101 Benedictio
399 3047 461 3114 tua,
487 3042 624 3115 Domine,
648 3043 730 3120 larga
751 3042 913 3116 descendat,
937 3062 1003 3119 quae
1030 3050 1061 3102 et
1088 3063 1211 3102 munera
1237 3052 1339 3104 nostra

139 3123 364 3200 deprecantibus
388 3123 497 3181 sanctis
520 3124 581 3180 tuis
604 3125 661 3181 tibi
683 3124 788 3181 reddat
810 3130 935 3200 accepta,
957 3131 987 3182 et
1014 3124 1099 3182 nobis
1122 3132 1338 3184 sacramentum

138 3204 348 3282 redemptionis
362 3204 477 3263 efficiat.
519 3204 578 3262 Per
591 3205 762 3263 Dominum.

201 3283 380 3344 Commendo.
424 3285 599 3343 Posuerimt.

199 3367 440 3425 Poetcommooe'o.

199 3446 373 3505 Oaelestibus
400 3445 502 3504 refecti
529 3447 718 3505 sacramentis
746 3453 776 3504 et
806 3446 929 3523 gaudiis,
959 3446 1106 3523 supplices
1132 3453 1172 3520 te,
1197 3447 1336 3520 Domine,

137 3527 334 3605 deprecamur,
348 3533 384 3585 ut
397 3547 523 3604 quorum
540 3527 701 3604 gloriamur
721 3528 880 3604 triumphis
900 3534 1089 3606 protegamur
1108 3528 1235 3587 auxiliis.
1279 3530 1338 3588 Per

138 3609 309 3668 Dominum.

344 3761 457 3819 Senem
478 3740 652 3831 Tritonem,
675 3777 838 3820 nnrrrms.
883 3761 921 3835 (v.
938 3762 1017 3820 Non.
1033 3761 1126 3840 Nor.)

197 3887 338 3963 Officium.
382 3889 422 3945 In
435 3888 557 3946 virtute.

197 3969 307 4026 Oratio.

193 4049 284 4122 Deus,
313 4050 365 4126 qui
392 4069 445 4107 nos
472 4049 551 4107 beati
578 4049 725 4107 Theodori
751 4051 890 4127 martyris
917 4052 972 4125 tui,
1000 4052 1180 4112 confessione
1206 4055 1333 4132 gloriosa

133 4129 296 4188 circumdas
310 4140 340 4187 et
353 4131 490 4208 protegis,
504 4135 613 4206 praesta
625 4130 710 4188 nobis
723 4131 786 4208 ejus
806 4132 974 4192 imitatione
993 4134 1132 4211 proficere
1152 4140 1183 4194 et
1202 4136 1334 4195 oratione

133 4211 241 4270 fulciri.
284 4211 351 4268 Per.

194 4291 348 4367 Epistola·
378 4291 488 4349 Beatus
502 4292 558 4362 vir,
574 4291 626 4367 qui
639 4291 672 4348 in
686 4291 837 4369 sapientia.

195 4371 330 4431 Grodole.
373 4373 480 4431 Justus
493 4377 529 4430 ut
542 4372 648 4449 palma.

193 4452 341 4528 Alleluya.
390 4452 420 4512 V.
443 4453 608 4512 Laetabitur
616 4454 724 4530 justus.
