2946 5002
206 372 269 435 186
574 368 749 437 Orationes
765 390 831 455 pro
852 367 1034 456 Defunota's.
1075 372 1082 379 '

203 536 353 594 offerimus
366 536 485 610 hostias,
501 544 537 595 ut
550 537 597 596 cui
610 537 777 614 pontificale
792 536 909 593 donasti
922 535 1071 607 meritum,
1086 535 1176 593 dones
1197 542 1227 592 et
1241 537 1403 612 praemium.

205 617 263 674 Per
277 617 447 676 Dominum.

263 697 505 757 Poatoommanio.

263 777 439 854 Propitiare,
454 779 593 851 Domine,
608 778 872 855 supplicationibus
895 777 1004 834 nostris
1028 784 1059 835 et
1081 777 1212 836 animam
1233 778 1340 836 famuli
1360 778 1405 836 tui

202 858 331 936 episcopi
343 860 376 917 in
390 861 509 938 regione
522 860 659 917 vivorum
673 859 790 917 aeternis
804 858 918 936 gaudiis
927 859 1033 934 jubeas
1047 859 1159 916 sociari.
1203 858 1271 918 Per.

424 1065 489 1123 Pno
510 1066 668 1124 Errscoius
689 1081 727 1122 un
748 1065 977 1123 Saonnnormus
999 1079 1176 1122 nnsuncus.

265 1145 375 1204 Oratio.

262 1226 406 1298 Concede,
421 1245 596 1302 quaesumus,
608 1226 793 1301 omnipotens
807 1226 898 1295 Deus,
913 1224 1068 1282 animabus
1081 1223 1261 1282 famulorum
1275 1223 1403 1301 episcop

203 1326 287 1363 orum
306 1313 336 1363 et
355 1309 538 1365 sacerdotum
556 1314 677 1364 tuorum
694 1306 844 1363 felicitatis
862 1313 978 1362 aeternae
997 1306 1187 1378 consortium,
1205 1305 1315 1382 quibus
1334 1306 1403 1363 don-

202 1387 260 1444 asti
273 1387 349 1444 saeri
363 1388 465 1445 altaris
478 1387 540 1444 tuis
554 1387 694 1464 consequi
706 1387 912 1444 ministerium.
957 1386 1016 1444 Per
1029 1386 1201 1444 Dominum.

262 1467 383 1526 Sancto.

263 1546 392 1606 Munera
405 1548 470 1619 tibi,
487 1548 625 1621 Domine,
640 1549 765 1606 dicanda
783 1549 941 1620 sanctifica,
957 1554 988 1605 et
1006 1547 1120 1605 animas
1136 1546 1317 1605 famulorum
1331 1548 1404 1625 epis-

202 1648 341 1705 coporum
361 1648 395 1686 ac
416 1630 600 1687 sacerdotum
620 1637 742 1687 tuorum
762 1649 815 1705 per
832 1628 894 1686 haec
911 1629 949 1686 ab
966 1629 1048 1685 omni
1066 1628 1131 1685 labe
1149 1629 1287 1686 humanae
1306 1630 1402 1687 condi-

201 1710 291 1767 tionis
305 1710 432 1782 absolve,
448 1711 555 1786 quibus
569 1712 662 1769 totius
675 1711 780 1767 mundi
793 1710 909 1767 diluisti
921 1715 1047 1786 peccata.
1091 1708 1150 1766 Per
1163 1709 1336 1767 Dominum.

261 1790 503 1850 Postcomoaanio.

262 1871 445 1943 Quaesumus,
464 1873 650 1949 omnipotens
669 1872 759 1943 Deua,
774 1877 809 1928 ut
827 1870 933 1928 animae
950 1871 1128 1928 famulorum
1147 1870 1351 1947 episcoporum
1368 1890 1401 1928 ac

200 1953 383 2010 sacerdotum
401 1960 522 2011 tuorum
542 1954 665 2011 caelestis
682 1953 785 2030 gratiae
803 1952 924 2028 praemia
945 1957 1172 2029 consequantur,
1191 1952 1300 2028 quibus
1318 1952 1402 2029 spiri-

200 2033 290 2091 tualis
302 2034 403 2110 gloriae
416 2054 540 2092 munera
553 2035 713 2092 contulisti.
757 2034 822 2090 Per.

569 2231 636 2288 Pno
659 2230 839 2288 Sacranorn
860 2247 1028 2289 narunero.

262 2310 372 2369 Oratio.

259 2392 454 2468 Omnipotens
475 2392 651 2469 sempiterne
676 2391 767 2465 Deus,
782 2393 831 2449 eui
854 2412 1008 2468 nunquam
1030 2392 1094 2450 sine
1118 2412 1169 2469 spe
1193 2392 1400 2452 misericordiae

199 2473 391 2549 supplicatur,
405 2473 565 2550 propitiare
586 2474 692 2531 animae
705 2473 810 2531 famuli
833 2475 880 2531 tui
901 2473 1068 2546 sacerdotis,
1083 2479 1118 2530 ut
1139 2475 1190 2550 qui
1211 2474 1248 2531 de
1267 2474 1323 2532 hac
1336 2475 1400 2532 vita

197 2554 231 2610 in
252 2555 299 2612 tui
320 2554 449 2611 nominis
473 2555 653 2612 confessione
675 2555 806 2626 decessit,
828 2560 997 2612 sanctorum
1016 2562 1137 2612 tuorum
1162 2573 1285 2612 numero
1308 2555 1399 2614 facias

198 2636 355 2712 aggregari.
399 2636 458 2693 Per
472 2635 642 2693 Dominum.

257 2714 378 2773 Secreto.

258 2796 433 2871 Propitiare,
448 2796 585 2868 Domine,
601 2797 707 2854 animae
721 2795 826 2854 famuli
840 2796 886 2852 tui
894 2798 1061 2870 sacerdotis,
1076 2816 1129 2874 pro
1143 2817 1202 2874 qua
1215 2797 1272 2854 tibi
1287 2797 1397 2855 hostias

197 2876 369 2951 placationis
389 2877 559 2949 offerimus,
579 2883 609 2934 et
623 2878 692 2953 quia
713 2878 745 2935 in
770 2878 824 2934 hac
838 2877 902 2934 luce
924 2879 956 2934 in
980 2879 1037 2936 fide
1059 2879 1169 2935 mansit
1188 2877 1350 2951 catholica,
1365 2879 1396 2935 in

196 2957 298 3014 futura
314 2956 375 3013 vita
389 2956 417 3013 ei
430 2957 586 3015 retributio
600 2958 781 3016 condonetur
795 2964 912 3016 aeterna.
956 2959 1015 3016 Per
1028 2959 1200 3018 Dominum.

257 3038 499 3095 Postcommuna'o.

257 3118 377 3190 Praesta,
389 3138 564 3194 quaesumuS,
576 3119 762 3196 omnipotens
773 3120 864 3191 Deus,
876 3126 912 3177 ut
922 3123 1051 3178 animam
1061 3120 1165 3177 famuli
1175 3119 1223 3177 tui
1237 3121 1397 3178 sacerdotis

196 3199 234 3257 ab
244 3199 355 3275 angelis
366 3200 440 3256 lucis
451 3207 615 3277 susceptam
625 3201 657 3258 in
667 3208 832 3278 praeparata
842 3201 1010 3259 habitacula
1021 3201 1125 3259 deduci
1135 3201 1224 3258 facias
1233 3202 1395 3258 beatorum.

196 3281 255 3338 Per
269 3281 439 3339 Dominum.

683 3434 748 3493 Pro
773 3435 905 3494 Fuurnn.

258 3513 367 3572 Oratio.

256 3595 440 3667 Quaesumus,
466 3594 594 3652 Domine
615 3614 669 3670 pro
692 3601 746 3652 tua
768 3596 879 3672 pietate
902 3595 1038 3653 miserere
1061 3594 1167 3652 animae
1187 3595 1306 3653 famulae
1327 3602 1394 3668 tuae,

194 3682 225 3734 et
237 3695 256 3735 a
269 3677 412 3754 contagiis
424 3675 615 3733 mortalitatis
636 3682 757 3734 exutam
770 3677 803 3732 in
817 3682 933 3733 aeternae
947 3676 1119 3734 salvationis
1131 3682 1248 3753 partem
1262 3678 1394 3736 restitue.

195 3758 253 3814 Per
267 3757 431 3815 Dominum
444 3762 587 3815 nostrum.

254 3837 375 3897 Secreto.

254 3919 314 3976 His
343 3919 501 3991 sacrifieiis,
531 3918 666 3990 Domine,
696 3918 796 3976 anima
822 3918 939 3975 famulae
966 3924 1025 3974 tuae
1052 3939 1070 3976 a
1104 3920 1231 3995 peccatis
1258 3919 1394 3977 omnibus

194 4006 330 4071 exuatur,
360 4001 423 4058 sine
451 4000 559 4077 quibus
579 4020 597 4057 a
624 3999 710 4075 culpa
737 4018 823 4056 nemo
850 3999 926 4056 liber
953 4000 1070 4057 exstitit
1082 4020 1091 4072 3
1112 4005 1142 4057 et
1168 4020 1222 4076 per
1248 3999 1311 4058 haec
1339 4001 1394 4076 piae

192 4081 365 4155 placationis
379 4082 480 4157 officia,
496 4086 611 4159 praesta,
626 4088 661 4137 ut
674 4086 847 4157 perpetuam
860 4080 1090 4138 misericordiam
1103 4087 1307 4157 consequatur.
1338 4081 1395 4138 Per

194 4162 365 4220 Dominum.

253 4243 494 4302 Postoommuaio.

254 4324 402 4397 Inveniat,
419 4343 594 4401 quesumus,
612 4322 748 4394 Domine,
764 4321 863 4379 anima
883 4322 1000 4380 famulae
1020 4327 1079 4380 tuae
1100 4321 1175 4379 lucis
1197 4329 1314 4380 aeternae
1328 4340 1394 4380 oon-

193 4404 325 4478 sortium,
340 4407 424 4482 cujus
437 4410 586 4482 perpetuae
608 4404 812 4462 misericordiae
826 4410 983 4462 consecuta
1003 4409 1047 4460 est
1067 4410 1292 4461 sacramentum.
1336 4402 1393 4460 Per

193 4484 364 4543 Dominum
