2946 5002
642 351 790 438 Presoee.

302 569 341 626 In
361 585 416 627 mn
437 584 542 627 senon
564 569 678 642 Davrn,
701 585 836 628 nnscorr
856 587 894 627 ur
914 587 1118 629 conressoms.

173 698 225 758 Ad
238 698 370 759 Missam.
415 700 555 776 Officium.

174 781 362 839 Gaudeamus
385 801 486 839 omnes
508 783 538 839 iu
554 781 683 839 Domino
703 782 782 839 diem
801 783 910 840 festum
931 782 1110 841 celebrantes
1130 781 1185 840 sub
1197 782 1308 841 honore

111 862 208 919 saneti
220 862 320 921 David
333 862 480 939 praesulis3
493 863 529 919 de
540 864 624 938 cujus
635 862 834 920 sollemnitate
846 863 976 940 gaudent
986 863 1083 941 angeli
1096 868 1127 921 et
1140 862 1309 922 collaudant

112 943 226 1000 Filium
240 942 305 1000 Dei.

172 1023 318 1081 Psalmua
360 1023 521 1092 Memento,
535 1023 671 1094 Domine,
687 1023 806 1081 David:
826 1031 857 1081 et
872 1024 967 1082 omnis
981 1024 1215 1082 mansuetudinis
1235 1023 1305 1100 ejus.

172 1103 215 1160 Im
239 1103 514 1163 Commemoratione
536 1124 601 1161 vero
628 1105 722 1162 saneti
749 1105 859 1177 Dauid,
881 1114 949 1163 tunc
976 1107 1016 1164 ad
1042 1106 1167 1164 Missam
1190 1105 1308 1165 dicotur

113 1183 254 1259 Officium,
271 1185 384 1242 Statuit
397 1185 425 1242 ei
438 1184 593 1242 Dominus.

175 1265 284 1323 Oratio.

173 1346 264 1416 Deus,
279 1346 331 1422 qui
343 1346 462 1403 beatum
477 1345 575 1403 David
590 1346 783 1404 confessorem
802 1352 887 1404 tuum
909 1352 998 1424 atque
1013 1346 1190 1424 pontificem,
1202 1346 1306 1422 angelo

109 1428 280 1496 nuntiante,
294 1427 418 1503 triginta
432 1427 517 1484 annis
530 1432 690 1503 antequam
703 1434 880 1499 nasceretur,
895 1428 1079 1504 praedixisti3
1100 1428 1198 1485 tribue
1211 1428 1306 1500 nobie,

109 1526 287 1583 quaesumus,
309 1514 343 1564 ut
364 1507 448 1583 cujus
466 1508 660 1565 festivitatem
681 1507 811 1580 colimus,
829 1509 893 1585 ejus
912 1509 1119 1567 intercessione
1139 1509 1177 1566 ad
1197 1514 1307 1566 aeterna

108 1588 219 1664 gaudia
232 1588 444 1664 perveniamus.
486 1587 545 1644 Per
559 1587 729 1646 Dominum.

172 1669 267 1727 Lectio
280 1669 348 1726 libri
360 1668 524 1743 Sapientice.
569 1669 644 1726 Ecce
658 1669 790 1726 sacerdos
803 1687 928 1748 magnus
941 1670 993 1746 qui
1006 1669 1038 1727 in
1052 1671 1155 1728 diebus
1168 1669 1239 1727 suis.

173 1748 306 1807 Gradcla

172 1829 310 1901 Domine,
331 1829 500 1905 praevenisti
520 1849 588 1886 eum
608 1831 642 1887 in
661 1830 913 1889 benedictionibus
934 1830 1114 1890 dulcedinis:
1135 1829 1259 1908 posuisti
1275 1830 1308 1886 in
1346 1848 1351 1859 ·

109 1909 208 1987 capite
221 1911 285 1988 ejus
298 1929 435 1968 coronam
450 1911 486 1967 de
500 1910 597 1986 lapide
610 1911 745 1987 pretioso.

116 1990 145 2050 V.
168 1991 277 2048 Vitam
289 1991 385 2068 petiit,
401 1998 432 2049 et
445 1991 579 2048 tribuisti
592 1992 619 2048 ei
632 1992 848 2068 longitudinem
862 1992 977 2050 dierum
990 1993 1023 2050 in
1036 1992 1175 2050 saeculum
1189 1989 1295 2048 saeculi

171 2071 321 2147 Alleluya.
370 2072 398 2130 V.
422 2071 531 2129 Inveni
552 2072 652 2129 David
672 2092 789 2129 servum
809 2093 928 2132 meum:
949 2074 1013 2133 oleo
1033 2079 1134 2131 sancto
1153 2091 1218 2130 meo
1233 2069 1308 2129 unxi

111 2171 187 2209 eum.
231 2152 379 2228 Alleluya.

170 2232 334 2308 Sequentia.

434 2313 534 2370 David
547 2312 611 2370 caeli
625 2313 737 2370 clarum
751 2314 839 2388 sidus,

434 2394 529 2451 Novee
543 2394 616 2469 legis
629 2393 715 2451 testis
729 2394 814 2467 fidus,

474 2475 569 2531 Mioat
582 2475 615 2531 in
629 2475 789 2532 Britanee:

435 2554 530 2631 Cujus
543 2555 608 2611 vita
622 2555 701 2611 clara
714 2556 786 2612 satis

435 2635 475 2693 Et
489 2635 624 2692 doctrina
637 2635 772 2693 veritatis

474 2716 607 2774 Ornatur
620 2715 767 2773 Menevia.

433 2855 625 2913 Praecursoris
639 2861 669 2912 et
683 2854 825 2931 Baptistae

434 2936 526 2994 Ortus
540 2937 581 2993 sic
595 2941 626 2992 et
639 2935 747 3011 praesul
761 2936 823 3011 ipse

473 3016 649 3074 Praedicitur
662 3016 806 3073 divinitus
818 3037 825 3074 t

433 3097 570 3166 Quantus
583 3097 660 3154 foret
674 3096 786 3155 Christi
800 3117 901 3154 servus

432 3179 496 3234 Mel
510 3177 647 3248 declarat,
663 3197 745 3252 aqua,
763 3197 875 3250 cervus,

474 3258 564 3335 Signa
578 3259 648 3315 data
662 3258 781 3317 caelitus.

433 3397 494 3453 Hic
508 3401 553 3453 est
566 3395 648 3471 pugil
663 3395 885 3468 Britannorum,

432 3477 506 3534 Dux
520 3483 550 3533 et
563 3477 666 3534 doctor
679 3475 869 3548 Walicorum‚

472 3557 530 3614 Dei
543 3556 645 3614 favens
659 3556 773 3614 civibus
786 3578 792 3615 :

430 3635 563 3714 Simplex
577 3638 663 3694 corde
676 3637 785 3694 fastum
799 3636 871 3694 terit
883 3657 890 3708 ;

432 3718 547 3776 Urbem
561 3736 710 3794 spernens,
726 3718 832 3774 vallem
848 3717 954 3793 quaerit

472 3799 640 3875 Oongruam
653 3797 822 3855 humilibus.

432 3937 513 3994 Nato
527 3955 634 3993 nomen
647 3936 754 4012 vulgus
767 3936 858 3993 donat

432 4017 518 4074 Dewi
532 4014 718 4086 dener-oure*
732 4017 810 4092 quod
824 4025 855 4074 et
870 4023 954 4073 sonat

472 4098 572 4156 David
586 4098 633 4154 vir
646 4098 810 4174 aquaticus.

433 4178 531 4237 Oaecos
547 4185 639 4250 curat,
656 4179 772 4234 morbos
786 4177 880 4253 pellit,

432 4258 557 4317 Daemon
570 4259 656 4335 fugit,
672 4278 759 4335 quem
773 4258 894 4334 expellit

472 4340 586 4398 Psaltes
600 4340 802 4416 Evangelious.

505 4481 519 4505 *
533 4481 568 4526 ie.
580 4484 594 4508 “
602 4480 719 4537 dwfrwr‚''
729 4493 756 4524 or
766 4483 781 4508 “
788 4479 913 4524 dwvrwr.''
