2946 5002
631 341 750 407 Prosae.

295 506 359 564 Neo
372 525 432 564 vox
445 506 530 565 corde
544 507 651 565 devota
663 508 848 565 contabescat
860 507 992 584 qualibet
1005 506 1124 579 desidia,

295 587 370 663 Ejus
382 593 418 644 ut
432 587 578 664 magnalia
591 588 677 664 culpa
690 588 812 645 silenter
824 594 963 664 tegantur
974 588 1055 647 ulla:

295 668 392 725 Immo
405 666 507 744 dignas
520 675 655 744 personet
668 668 746 740 odas,

295 749 361 818 Quo
374 747 463 824 digna
475 748 664 806 resolvuntur
677 748 798 826 piacula.

294 829 374 886 Nam
387 828 465 886 idem
475 829 585 886 aethera

294 906 336 966 Et
348 916 435 977 terrae
448 910 613 967 machinam

294 988 447 1047 Gubernat
459 990 618 1067 prudentia
630 991 743 1048 virtute
756 990 832 1047 Nati
846 991 929 1048 socia.

294 1069 423 1128 Persona
436 1070 516 1127 enim
529 1071 609 1129 trina
620 1071 728 1148 gaudet
742 1091 801 1128 una
815 1072 958 1128 essentia:

291 1150 453 1227 Tripontita
465 1151 600 1208 normula
609 1151 668 1209 fert
678 1152 777 1209 Patris
787 1151 858 1209 Filii
867 1158 898 1210 et
908 1151 1009 1209 Sancti
1019 1150 1148 1228 Spiritus
1155 1153 1282 1212 nomina

292 1227 459 1308 Majestatis
471 1232 571 1290 unitas
584 1238 615 1290 et
629 1252 746 1309 compar
759 1232 852 1309 gloria
865 1251 951 1290 sacrae
966 1238 1036 1290 sunt
1049 1233 1159 1310 copulae
1169 1234 1266 1294 insita

291 1312 365 1369 Haec
377 1331 431 1388 per
443 1319 589 1370 terrarum
602 1313 674 1370 fides
687 1319 732 1370 est
744 1313 933 1390 promulgata
942 1319 1084 1389 quattuor
1096 1313 1230 1386 climata;

293 1391 350 1449 Oui
362 1393 492 1450 renitens
505 1392 621 1451 vanitas
633 1393 826 1470 perhorrescit
839 1392 949 1450 inferni
960 1399 1080 1452 tartara

292 1472 350 1530 Sed
362 1492 416 1530 uos
428 1473 483 1531 hac
496 1473 647 1531 dulcisona
660 1473 788 1549 melodia¹

291 1553 459 1630 Pangamus
470 1551 588 1611 Christo
608 1555 772 1630 praeconia:

292 1633 396 1692 Ournis
409 1635 523 1691 sarcina
536 1634 632 1711 posita
645 1635 819 1710 smndamus
832 1642 918 1692 astra.

590 1854 595 1863 .
628 1803 746 1862 LXXI.

438 1920 501 1999 (Du
520 1922 627 1987 anm
648 1921 758 1979 Mirus
779 1921 941 2000 Vmerus.)

189 2037 207 2114 (
206 2037 301 2096 Proca
313 2037 371 2116 ad)
384 2037 538 2113 Sequentia
551 2038 590 2095 In
602 2038 656 2096 hac
669 2038 756 2097 laude
769 2039 868 2096 Deum
882 2058 980 2096 meum
992 2039 1126 2099 adorabo.

189 2133 336 2209 Alleluya

248 2225 358 2296 Sunva,
379 2242 482 2283 1100110
501 2225 638 2298 Onnum,
660 2227 821 2302 Oinclyta‚

247 2306 339 2364 Porta
352 2306 423 2378 caeli,
439 2306 526 2364 decus
540 2307 626 2378 orbis,
642 2314 673 2364 et
685 2309 835 2384 virginum
848 2326 963 2383 gemma
976 2307 1105 2384 pulchra,

246 2385 347 2462 Atque
361 2386 490 2444 Domina
499 2387 677 2464 angelorum,
693 2395 724 2445 et
737 2408 825 2446 aurea
838 2388 917 2445 clara
929 2389 1014 2460 scala,

248 2467 306 2524 Per
318 2487 407 2543 quam
420 2467 515 2525 fidelis
528 2488 654 2544 superna
667 2469 728 2526 laeti
742 2470 888 2526 scandunt
900 2468 1007 2544 gaudia
1020 2491 1026 2526 :

248 2548 320 2617 Quae
334 2547 395 2605 sola
408 2555 505 2606 exstas
518 2555 584 2625 post
598 2549 750 2607 Christum
763 2569 828 2625 spes
841 2557 943 2606 nostra
955 2549 1138 2607 sanctissima
1151 2571 1157 2606 :

247 2627 289 2685 Te
302 2629 419 2705 agmina
432 2629 495 2686 caeli
508 2649 621 2705 semper
635 2630 795 2687 Dominam
808 2630 983 2688 benedicant
989 2650 999 2702 3

246 2708 287 2766 Te
300 2729 360 2766 vox
373 2710 468 2766 omnis
481 2709 603 2786 pulchra
612 2711 680 2787 jam·
689 2710 832 2788 glorificet
846 2730 897 2788 per
905 2711 922 2745 ¹*
949 2736 968 2774 s
1029 2736 1048 2775 a
1109 2735 1128 2774 s
1190 2735 1209 2773 a

614 2889 751 2947 LXXII.

244 3032 260 3064 0
303 3031 318 3064 s
364 3030 378 3064 s
423 3033 438 3065 s
484 3031 500 3064 s
523 3027 612 3065 aurea
625 3007 689 3065 caeli
701 3008 813 3084 pandat
825 3015 905 3064 astra

245 3085 340 3143 Nobis
352 3106 476 3147 corusca.
518 3088 622 3145 Amen.

245 3165 321 3224 Fiat.

603 3276 758 3334 LXXIII.

242 3385 292 3442 Da
312 3386 508 3444 Vasaaauoo
529 3387 656 3445 Ouiusrr
678 3387 760 3444 lum
781 3387 934 3444 Blrmsm
955 3388 976 3444 J
978 3404 1112 3445 01111100.

183 3480 281 3540 Allelu
304 3504 330 3542 a.

122 3574 265 3633 ExsuurA
283 3503 405 3648 hatur,
419 3593 542 3634 multu
562 3586 710 3650 000110,οι
730 3587 828 3647 cetero,
843 3586 876 3634 ut
894 3599 985 3654 supra
1005 3577 1074 3655 (No.
1094 3575 1233 3655 XXVI.)

141 3667 203 3725 The
223 3674 283 3726 tuo
296 3668 447 3747 following
465 3689 552 3746 pages
571 3670 605 3726 in
623 3670 675 3727 the
696 3670 772 3743 MS„
790 3670 846 3727 180
864 3691 942 3728 uerso
962 3670 1021 3728 and
1043 3670 1097 3726 181
1121 3680 1203 3742 recto,
1224 3689 1274 3727 are

80 3748 192 3819 blank3
212 3749 264 3806 the
283 3751 405 3826 writing
417 3750 527 3827 having
546 3751 619 3808 been
640 3751 751 3809 erased.
796 3750 878 3809 Folio
901 3752 955 3809 181
978 3770 1056 3810 verso
1077 3751 1230 3808 continues
1242 3770 1275 3807 as

82 3847 114 3885 as
127 3828 241 3888 follows
254 3851 302 3888 :-

602 3911 752 3970 LXXIV.

160 4016 175 4049 e
240 4017 255 4050 ἦ(
320 4017 336 4050 2‘5
400 4017 415 4049 ss
480 4016 495 4049 ’l‘
560 4018 575 4052 ss

320 4097 335 4130 a
399 4097 414 4130 s
480 4098 496 4131 s
559 4075 676 4150 agmina

161 4153 276 4222 Quibus
289 4158 334 4210 est
347 4152 472 4224 claritas,
488 4154 613 4224 bonitas,
628 4173 687 4230 pax
700 4154 750 4231 pia
762 4174 816 4231 per
828 4153 913 4211 saecla
925 4174 933 4227 3

160 4233 227 4291 Rex
239 4253 343 4311 regum
356 4234 503 4292 Dominus
512 4235 618 4311 gaudia
631 4235 764 4292 tribuens
777 4254 866 4293 auree
880 4256 886 4291 :

138 4352 214 4398 *Tho
228 4343 277 4399 two
289 4367 363 4411 pagos
380 4355 504 4412 following
518 4356 544 4399 iu
559 4356 599 4400 the
615 4355 678 4412 MS„
688 4355 755 4413 lolio,
772 4357 814 4400 178
825 4369 887 4400 verso
901 4353 1003 4400 11011179
1017 4362 1085 4412 recto,
1095 4356 1156 4400 hove
1166 4354 1224 4415 only
1234 4356 1275 4400 the

78 4411 178 4456 musical
193 4412 307 4457 notation.
344 4413 398 4457 Tho
412 4413 500 4465 Proses
515 4414 576 4459 have
591 4418 634 4460 not
649 4415 710 4459 been
725 4415 822 4459 written
836 4415 868 4458 in.
911 4415 981 4461 Folio
996 4415 1038 4460 179
1054 4428 1275 4460 versooommenoes

27 4500 34 4518 .
78 4469 138 4515 with
147 4472 187 4516 the
198 4471 261 4518 close
271 4470 296 4515 oi
310 4471 351 4518 tho
362 4472 493 4530 Sequanos,
503 4473 560 4518 herc
570 4473 703 4518 numbered
712 4472 819 4518 LXXII.
