2946 5002
317 361 501 447 Froprnerlt
515 359 555 446 os
572 382 595 426 o
610 359 732 425 Mieeol
746 359 785 446 of
802 357 853 426 tlte
875 359 933 425 Uce
948 358 987 445 of
1003 358 1156 437 Lirtcolrc.
1274 361 1336 425 343

484 800 645 857 Donnercn
666 814 760 854 mune
780 814 814 854 m
834 802 998 856 Anvnrrn.

201 956 377 1015 Notandum
397 955 475 1030 quod
494 953 521 1011 ei
543 954 578 1010 ire
600 951 737 1010 Adventu
759 952 883 1011 Domini
908 952 1029 1012 Facturi
1047 972 1147 1012 rocon
1168 952 1338 1014 lectionum

140 1037 289 1114 contiqerit
306 1037 340 1094 irc
355 1035 520 1107 Dominico,
535 1035 570 1091 ire
588 1035 750 1092 erectiorem
763 1043 920 1092 reservetur
929 1055 942 1104 ,·
978 1033 1080 1091 Gloria
1092 1034 1125 1091 in
1143 1034 1265 1093 excelsis
1277 1055 1338 1095 noo

140 1127 272 1178 cantetur
279 1139 292 1188 ;
313 1117 353 1175 Te
368 1117 466 1174 Deum
486 1116 640 1174 laudamus
658 1115 829 1184 ominatum
852 1123 878 1173 et
890 1114 925 1171 irc
935 1113 997 1192 ejece
1010 1114 1068 1174 loco
1087 1134 1199 1173 nonum
1211 1116 1338 1193 Bospora-

139 1199 251 1260 eoricon
277 1206 443 1274 repetatur,·
478 1197 526 1254 Ite
550 1197 639 1253 missa
665 1202 709 1253 est
736 1196 913 1254 dimittetur.
969 1193 1011 1253 Ire
1038 1195 1217 1256 dedicatione
1241 1205 1338 1265 tomen
1398 1243 1400 1247 -

139 1279 273 1343 Ecctcciae
287 1287 471 1354 competenter
484 1298 545 1335 riori
557 1277 724 1335 omittimrea.

199 1384 250 1443 Ad
262 1384 395 1442 Minoem.
440 1383 580 1457 Officium.

199 1464 252 1523 Ad
277 1469 308 1523 te
334 1464 432 1522 levavi
459 1464 589 1521 animam
616 1481 711 1519 meam
735 1482 741 1518 :
783 1462 865 1519 Deua
892 1481 983 1535 meus,
1011 1462 1044 1520 in
1069 1468 1101 1520 te
1128 1463 1250 1533 confide,
1277 1480 1337 1521 non

139 1546 330 1605 erubescam:
359 1563 454 1621 neque
476 1544 620 1600 irrideant
642 1562 689 1600 me
710 1543 829 1600 inimici
844 1543 926 1601 mei:
955 1543 1066 1601 etenim
1086 1543 1218 1602 universi
1235 1544 1287 1620 qui
1306 1549 1337 1602 te

139 1632 297 1704 expectant
317 1644 378 1682 non
398 1624 624 1682 confimdentur.

198 1723 363 1875 diffidi,
379 1801 516 1874 Domine,
530 1801 699 1859 demonstra
713 1801 805 1859 mihi:
828 1808 859 1860 et
872 1801 991 1860 semitae
1004 1808 1072 1860 tuae
1085 1802 1173 1861 edoce
1186 1822 1239 1861 me.

201 1884 304 1944 Gloria
314 1884 407 1941 Patri.
450 1883 613 1941 Sicutemt.

198 1982 356 2059 Repetotor
371 1981 511 2057 Officium.

197 2061 239 2120 Io
251 2062 426 2138 Dupliciter
438 2082 502 2120 cero
516 2060 609 2120 Fectio
624 2070 738 2120 teritum
753 2062 872 2121 dicotur
885 2070 927 2121 ter
941 2061 1082 2138 Officium,
1098 2061 1203 2122 ecilicet
1217 2061 1260 2122 lic
1269 2073 1338 2122 onte

70 2180 74 2186 ·
138 2144 239 2204 Gloria
253 2143 345 2215 Patri,
358 2152 383 2202 et
396 2143 481 2201 seriel
487 2151 562 2219 poet.

197 2243 313 2396 gibid,
340 2323 477 2396 Domine,
505 2321 671 2400 potentiam
698 2332 781 2380 tuam
808 2329 839 2381 et
862 2323 952 2381 veni:
985 2328 1022 2381 ut
1047 2323 1085 2381 ab
1112 2321 1335 2382 imminentibus

135 2411 320 2484 peccatorum
350 2411 520 2462 nostrorum
551 2402 698 2480 periculis,
729 2409 760 2461 te
790 2423 955 2462 mereamur
983 2409 1154 2482 protegente
1184 2404 1268 2481 eripi,
1303 2409 1334 2462 te

137 2486 283 2549 liberante
303 2485 420 2543 salvari.
478 2484 537 2555 Qui
557 2483 634 2541 vivis
654 2489 686 2541 et
705 2503 818 2560 regnas.
1085 2524 1088 2529 ·

196 2580 308 2642 Lectio*
320 2581 459 2658 Iipictolae
469 2581 544 2640 leoti
557 2579 650 2638 Pauli
662 2580 795 2657 Apostoli
805 2583 845 2640 od
857 2581 1005 2641 Romanor
1018 2581 1097 2660 (cciii.
1117 2581 1239 2657 11-14).

138 2665 329 2805 cheliiiffiem
352 2663 482 2721 Scientes
496 2662 566 2739 quia
579 2661 652 2719 hora
665 2669 710 2719 est
723 2683 812 2737 reoque
825 2663 868 2720 od
879 2663 1038 2721 induimini
1053 2663 1216 2720 Dominum
1229 2663 1251 2735 J
1252 2681 1334 2720 esum

95 2908 99 2918 ¹
199 2841 332 2901 deodate.
375 2839 519 2900 Univerei
533 2839 630 2917 quite
644 2845 804 2916 expectant
816 2859 878 2898 non
891 2841 1116 2912 confundentur,
1132 2839 1267 2899 Domine.

143 2923 174 2985 7.
196 2923 272 2982 Viae
294 2929 371 2995 tuas,
396 2922 533 2994 Domine,
558 2926 644 2979 notae
670 2922 715 2978 fac
737 2921 837 2988 mihi:
871 2928 902 2979 et
924 2921 1045 2980 semitae
1070 2928 1138 2980 tuas
1164 2920 1252 2981 edoce
1277 2940 1333 2979 me.

197 3004 346 3081 Alleluya.

142 3085 171 3146 V.
194 3084 325 3144 Ostende
338 3083 432 3157 nobis,
456 3083 593 3155 Domine,
617 3082 847 3142 misericordiam
866 3090 969 3142 tuam:
990 3089 1021 3142 et
1041 3084 1170 3142 salutare
1190 3090 1276 3142 tunm
1295 3083 1334 3140 da

197 3165 287 3225 nobie.

197 3263 360 3340 Sequentia.

256 3343 342 3402 Salue
356 3347 474 3414 aeterna,
487 3341 657 3401 indeficiens
670 3341 775 3400 mundi
789 3342 861 3415 vita,

255 3425 325 3482 Lux
338 3423 524 3499 sempiterna,
539 3429 569 3481 et
582 3423 745 3499 redemptio
757 3443 827 3481 vere
840 3428 951 3497 nostra,

256 3504 422 3563 Oondolene
435 3504 564 3563 humana
577 3504 673 3580 perire
685 3504 770 3562 saecla
782 3524 836 3581 per
847 3503 992 3563 tentantis
1005 3503 1141 3574 numina,

255 3586 327 3644 Non
340 3586 508 3661 relinquens
521 3584 635 3644 excelso
648 3585 738 3643 adisti
750 3586 810 3642 ima
823 3585 942 3661 propria
955 3585 1118 3643 elementia.

256 3667 331 3724 Mox
344 3673 398 3723 tuo
410 3672 571 3741 spontanee
583 3666 679 3742 gratia
692 3685 842 3723 assumens
855 3667 992 3737 humana,

256 3746 682 3824 Quaefuerantperditaomnia
691 3744 1330 3824 selvaatiterrenaqurerenemnndogaudia.

255 3828 302 3886 Tu
315 3828 427 3885 animae
440 3835 471 3886 et
483 3847 603 3904 corpora

255 3909 377 3981 Nostra,
394 3907 518 3982 Christe,
535 3909 630 3986 expia,
643 3914 678 3967 nt
692 3908 838 3986 possideas
851 3908 949 3966 lucida

255 3989 382 4048 Nosmet
394 3988 561 4047 habitacula
573 4011 580 4048 :

255 4071 400 4129 Adventu
413 4069 508 4146 primo
523 4070 664 4146 justifica,
746 4126 748 4131 .

254 4151 294 4208 In
308 4150 433 4209 secundo
447 4170 557 4227 nosque
570 4152 682 4224 libera3

253 4231 301 4291 Ut
314 4251 390 4303 cum,
404 4231 483 4290 fecta
496 4232 561 4290 luce
574 4251 689 4306 magna,
700 4232 848 4308 judicabit
861 4232 967 4304 omnia,

254 4311 374 4389 (lompti
394 4313 471 4370 stola
483 4312 659 4390 incorrupta
675 4318 792 4372 nosmet
811 4318 864 4372 tua
881 4314 1093 4388 subsequamur
1112 4330 1183 4370 mox
1206 4311 1332 4392 vestigia

335 4412 510 4470 quocunque
523 4394 594 4451 visa.

293 4496 306 4520 *
323 4495 354 4541 In
365 4495 461 4555 margin
471 4494 548 4557 (tame
559 4495 643 4558 hand),
653 4498 667 4525 “
676 4495 749 4542 lt'rrllo
758 4494 866 4543 montorio
868 4494 916 4557 flat
925 4494 958 4542 od
964 4493 1062 4542 Menam
1070 4493 1113 4542 tae
1122 4494 1178 4542 die.”
