<?xml version="1.0" encoding="UTF-8"?>
<!DOCTYPE html PUBLIC "-//W3C//DTD XHTML 1.0 Transitional//EN"
    "http://www.w3.org/TR/xhtml1/DTD/xhtml1-transitional.dtd">
<html xmlns="http://www.w3.org/1999/xhtml" xml:lang="en" lang="en">
 <head>
  <title>
</title>
<meta http-equiv="Content-Type" content="text/html;charset=utf-8" />
  <meta name='ocr-system' content='tesseract 3.04.00' />
  <meta name='ocr-capabilities' content='ocr_page ocr_carea ocr_par ocr_line ocrx_word'/>
</head>
<body>
  <div class='ocr_page' id='page_1' title='image "./missaleadusumin02churgoog_0044.png"; bbox 0 0 2946 5002; ppageno 0'>
   <div class='ocr_carea' id='block_1_1' title="bbox 578 370 879 436">
    <p class='ocr_par' dir='ltr' id='par_1_1' title="bbox 578 370 879 436">
     <span class='ocr_line' id='line_1_1' title="bbox 578 370 879 436; baseline 0.01 -3"><span class='ocrx_word' id='word_1_1' title='bbox 578 371 675 433; x_wconf 85' lang='lat' dir='ltr'>Festo</span> <span class='ocrx_word' id='word_1_2' title='bbox 695 370 879 436; x_wconf 78' lang='lat' dir='ltr'>Juuuurii.</span> 
     </span>
    </p>
   </div>
   <div class='ocr_carea' id='block_1_2' title="bbox 135 536 1337 3422">
    <p class='ocr_par' dir='ltr' id='par_1_2' title="bbox 287 536 965 694">
     <span class='ocr_line' id='line_1_2' title="bbox 288 536 965 596; baseline 0.006 -4"><span class='ocrx_word' id='word_1_3' title='bbox 288 537 383 594; x_wconf 87' lang='lat' dir='ltr'>Venit</span> <span class='ocrx_word' id='word_1_4' title='bbox 397 537 524 594; x_wconf 82' lang='lat' dir='ltr'><strong>Romam</strong></span> <span class='ocrx_word' id='word_1_5' title='bbox 538 559 544 594; x_wconf 96' lang='lat'><strong>:</strong></span> <span class='ocrx_word' id='word_1_6' title='bbox 565 536 662 593; x_wconf 90' lang='lat' dir='ltr'>Deum</span> <span class='ocrx_word' id='word_1_7' title='bbox 677 557 771 594; x_wconf 90' lang='lat' dir='ltr'>unum</span> <span class='ocrx_word' id='word_1_8' title='bbox 784 539 944 595; x_wconf 86' lang='lat' dir='ltr'>annuntiat</span> <span class='ocrx_word' id='word_1_9' title='bbox 958 559 965 596; x_wconf 91' lang='lat'>:</span> 
     </span>
     <span class='ocr_line' id='line_1_3' title="bbox 287 617 804 694; baseline 0.004 -21"><span class='ocrx_word' id='word_1_10' title='bbox 287 617 318 673; x_wconf 88' lang='lat' dir='ltr'>N</span> <span class='ocrx_word' id='word_1_11' title='bbox 320 638 369 674; x_wconf 88' lang='lat' dir='ltr'>cro</span> <span class='ocrx_word' id='word_1_12' title='bbox 383 619 504 690; x_wconf 91' lang='lat' dir='ltr'>resistit,</span> <span class='ocrx_word' id='word_1_13' title='bbox 520 618 571 694; x_wconf 92' lang='lat' dir='ltr'>qui</span> <span class='ocrx_word' id='word_1_14' title='bbox 586 617 699 675; x_wconf 87' lang='lat' dir='ltr'>colebat</span> <span class='ocrx_word' id='word_1_15' title='bbox 713 618 804 675; x_wconf 90' lang='lat' dir='ltr'>idola:</span> 
     </span>
    </p>

    <p class='ocr_par' dir='ltr' id='par_1_3' title="bbox 289 697 468 756">
     <span class='ocr_line' id='line_1_4' title="bbox 289 697 468 756; baseline -0.011 0"><span class='ocrx_word' id='word_1_16' title='bbox 289 697 390 756; x_wconf 89' lang='lat' dir='ltr'>Morte</span> <span class='ocrx_word' id='word_1_17' title='bbox 403 699 468 755; x_wconf 87' lang='lat' dir='ltr'>dira</span> 
     </span>
    </p>

    <p class='ocr_par' dir='ltr' id='par_1_4' title="bbox 288 779 501 837">
     <span class='ocr_line' id='line_1_5' title="bbox 288 779 501 837; baseline 0.005 -1"><span class='ocrx_word' id='word_1_18' title='bbox 288 779 380 836; x_wconf 90' lang='lat' dir='ltr'>Illum</span> <span class='ocrx_word' id='word_1_19' title='bbox 394 786 480 836; x_wconf 86' lang='lat' dir='ltr'>necat</span> <span class='ocrx_word' id='word_1_20' title='bbox 495 800 501 837; x_wconf 94' lang='lat'><strong>:</strong></span> 
     </span>
    </p>

    <p class='ocr_par' dir='ltr' id='par_1_5' title="bbox 288 860 864 936">
     <span class='ocr_line' id='line_1_6' title="bbox 288 860 864 936; baseline 0.003 -20"><span class='ocrx_word' id='word_1_21' title='bbox 288 860 403 917; x_wconf 90' lang='lat' dir='ltr'>Mundo</span> <span class='ocrx_word' id='word_1_22' title='bbox 418 866 587 936; x_wconf 82' lang='lat' dir='ltr'>exemptum</span> <span class='ocrx_word' id='word_1_23' title='bbox 603 860 699 917; x_wconf 89' lang='lat' dir='ltr'>mittit</span> <span class='ocrx_word' id='word_1_24' title='bbox 712 861 749 917; x_wconf 91' lang='lat' dir='ltr'>ad</span> <span class='ocrx_word' id='word_1_25' title='bbox 763 865 864 918; x_wconf 80' lang='lat' dir='ltr'>astra:</span> 
     </span>
    </p>

    <p class='ocr_par' dir='ltr' id='par_1_6' title="bbox 286 940 935 1097">
     <span class='ocr_line' id='line_1_7' title="bbox 290 940 862 1016; baseline 0.002 -20"><span class='ocrx_word' id='word_1_26' title='bbox 290 940 356 1009; x_wconf 84' lang='lat' dir='ltr'>Quo</span> <span class='ocrx_word' id='word_1_27' title='bbox 369 961 423 997; x_wconf 89' lang='lat' dir='ltr'>nos</span> <span class='ocrx_word' id='word_1_28' title='bbox 437 940 520 998; x_wconf 89' lang='lat' dir='ltr'>Deus</span> <span class='ocrx_word' id='word_1_29' title='bbox 534 941 698 998; x_wconf 88' lang='lat' dir='ltr'>miserando</span> <span class='ocrx_word' id='word_1_30' title='bbox 712 942 862 1016; x_wconf 86' lang='lat' dir='ltr'>perducat,</span> 
     </span>
     <span class='ocr_line' id='line_1_8' title="bbox 286 1020 935 1097; baseline 0 -19"><span class='ocrx_word' id='word_1_31' title='bbox 286 1022 419 1097; x_wconf 90' lang='lat' dir='ltr'>Adjutos</span> <span class='ocrx_word' id='word_1_32' title='bbox 433 1041 519 1097; x_wconf 83' lang='lat' dir='ltr'>prece</span> <span class='ocrx_word' id='word_1_33' title='bbox 532 1021 621 1078; x_wconf 90' lang='lat' dir='ltr'>Pauli</span> <span class='ocrx_word' id='word_1_34' title='bbox 635 1028 742 1079; x_wconf 89' lang='lat' dir='ltr'>sancta.</span> <span class='ocrx_word' id='word_1_35' title='bbox 786 1020 935 1097; x_wconf 78' lang='lat' dir='ltr'>Alleluya.</span> 
     </span>
    </p>

    <p class='ocr_par' dir='ltr' id='par_1_7' title="bbox 195 1101 933 1178">
     <span class='ocr_line' id='line_1_9' title="bbox 195 1101 933 1178; baseline 0 -20"><span class='ocrx_word' id='word_1_36' title='bbox 195 1101 242 1159; x_wconf 81' lang='lat' dir='ltr'>Vel</span> <span class='ocrx_word' id='word_1_37' title='bbox 256 1101 390 1173; x_wconf 75' lang='lat' dir='ltr'><strong><em>Tractus,</em></strong></span> <span class='ocrx_word' id='word_1_38' title='bbox 405 1104 432 1160; x_wconf 80' lang='lat' dir='ltr'>ai</span> <span class='ocrx_word' id='word_1_39' title='bbox 445 1102 530 1177; x_wconf 81' lang='lat' dir='ltr'>iufra</span> <span class='ocrx_word' id='word_1_40' title='bbox 543 1102 792 1178; x_wconf 70' lang='lat' dir='ltr'>b&#39;cptuupesimum</span> <span class='ocrx_word' id='word_1_41' title='bbox 805 1103 933 1160; x_wconf 79' lang='lat' dir='ltr'>creuerit.</span> 
     </span>
    </p>

    <p class='ocr_par' dir='ltr' id='par_1_8' title="bbox 190 1184 1247 1246">
     <span class='ocr_line' id='line_1_10' title="bbox 190 1184 1247 1246; baseline 0.007 -7"><span class='ocrx_word' id='word_1_42' title='bbox 190 1184 319 1240; x_wconf 75' lang='lat' dir='ltr'>Tractus.</span> <span class='ocrx_word' id='word_1_43' title='bbox 1244 1240 1247 1246; x_wconf 90' lang='lat'>.</span> 
     </span>
    </p>

    <p class='ocr_par' dir='ltr' id='par_1_9' title="bbox 141 1263 1329 1501">
     <span class='ocr_line' id='line_1_11' title="bbox 189 1263 1329 1343; baseline 0.002 -23"><span class='ocrx_word' id='word_1_44' title='bbox 189 1263 234 1320; x_wconf 83' lang='lat' dir='ltr'>Tu</span> <span class='ocrx_word' id='word_1_45' title='bbox 256 1283 287 1320; x_wconf 89' lang='lat' dir='ltr'>es</span> <span class='ocrx_word' id='word_1_46' title='bbox 309 1283 361 1320; x_wconf 82' lang='lat' dir='ltr'>vas</span> <span class='ocrx_word' id='word_1_47' title='bbox 383 1264 543 1336; x_wconf 76' lang='lat' dir='ltr'>electionis,</span> <span class='ocrx_word' id='word_1_48' title='bbox 566 1269 667 1321; x_wconf 85' lang='lat' dir='ltr'>sancte</span> <span class='ocrx_word' id='word_1_49' title='bbox 689 1263 781 1321; x_wconf 87' lang='lat' dir='ltr'>Paule</span> <span class='ocrx_word' id='word_1_50' title='bbox 804 1263 970 1339; x_wconf 82' lang='lat' dir='ltr'>Apostole;</span> <span class='ocrx_word' id='word_1_51' title='bbox 993 1284 1062 1322; x_wconf 89' lang='lat' dir='ltr'>vere</span> <span class='ocrx_word' id='word_1_52' title='bbox 1075 1264 1163 1342; x_wconf 84' lang='lat' dir='ltr'>digne</span> <span class='ocrx_word' id='word_1_53' title='bbox 1178 1285 1208 1324; x_wconf 91' lang='lat' dir='ltr'>es</span> <span class='ocrx_word' id='word_1_54' title='bbox 1221 1266 1329 1343; x_wconf 79' lang='lat' dir='ltr'>glorifi-</span> 
     </span>
     <span class='ocr_line' id='line_1_12' title="bbox 141 1344 246 1401; baseline 0.01 -2"><span class='ocrx_word' id='word_1_55' title='bbox 141 1344 246 1401; x_wconf 81' lang='lat' dir='ltr'>candus</span> 
     </span>
     <span class='ocr_line' id='line_1_13' title="bbox 144 1424 1130 1501; baseline 0.005 -21"><span class='ocrx_word' id='word_1_56' title='bbox 144 1424 166 1480; x_wconf 86' lang='lat' dir='ltr'>l&#39;.</span> <span class='ocrx_word' id='word_1_57' title='bbox 187 1425 367 1482; x_wconf 71' lang='lat' dir='ltr'>Praedicator</span> <span class='ocrx_word' id='word_1_58' title='bbox 381 1425 516 1483; x_wconf 86' lang='lat' dir='ltr'>veritatis</span> <span class='ocrx_word' id='word_1_59' title='bbox 530 1433 560 1483; x_wconf 87' lang='lat' dir='ltr'>et</span> <span class='ocrx_word' id='word_1_60' title='bbox 574 1425 676 1482; x_wconf 90' lang='lat' dir='ltr'>doctor</span> <span class='ocrx_word' id='word_1_61' title='bbox 689 1426 823 1501; x_wconf 84' lang='lat' dir='ltr'>gentium</span> <span class='ocrx_word' id='word_1_62' title='bbox 837 1426 869 1482; x_wconf 88' lang='lat' dir='ltr'>in</span> <span class='ocrx_word' id='word_1_63' title='bbox 882 1425 939 1482; x_wconf 91' lang='lat' dir='ltr'>fide</span> <span class='ocrx_word' id='word_1_64' title='bbox 954 1433 984 1483; x_wconf 93' lang='lat' dir='ltr'>et</span> <span class='ocrx_word' id='word_1_65' title='bbox 997 1426 1130 1485; x_wconf 82' lang='lat' dir='ltr'>veritate.</span> 
     </span>
    </p>

    <p class='ocr_par' dir='ltr' id='par_1_10' title="bbox 143 1505 963 1664">
     <span class='ocr_line' id='line_1_14' title="bbox 143 1505 950 1584; baseline 0.004 -23"><span class='ocrx_word' id='word_1_66' title='bbox 143 1505 165 1562; x_wconf 84' lang='lat' dir='ltr'>l&#39;.</span> <span class='ocrx_word' id='word_1_67' title='bbox 187 1505 244 1562; x_wconf 90' lang='lat' dir='ltr'>Per</span> <span class='ocrx_word' id='word_1_68' title='bbox 258 1511 288 1563; x_wconf 89' lang='lat' dir='ltr'>te</span> <span class='ocrx_word' id='word_1_69' title='bbox 303 1526 403 1564; x_wconf 86' lang='lat' dir='ltr'>omnes</span> <span class='ocrx_word' id='word_1_70' title='bbox 416 1514 518 1583; x_wconf 86' lang='lat' dir='ltr'>gentes</span> <span class='ocrx_word' id='word_1_71' title='bbox 532 1512 731 1582; x_wconf 86' lang='lat' dir='ltr'>cognoverunt</span> <span class='ocrx_word' id='word_1_72' title='bbox 744 1508 870 1584; x_wconf 88' lang='lat' dir='ltr'>gratiam</span> <span class='ocrx_word' id='word_1_73' title='bbox 885 1506 950 1564; x_wconf 89' lang='lat' dir='ltr'>Dei.</span> 
     </span>
     <span class='ocr_line' id='line_1_15' title="bbox 144 1585 963 1664; baseline 0.001 -21"><span class='ocrx_word' id='word_1_74' title='bbox 144 1585 166 1643; x_wconf 73' lang='lat' dir='ltr'>V.</span> <span class='ocrx_word' id='word_1_75' title='bbox 187 1585 342 1644; x_wconf 87' lang='lat' dir='ltr'>Intercede</span> <span class='ocrx_word' id='word_1_76' title='bbox 356 1607 409 1664; x_wconf 86' lang='lat' dir='ltr'>pro</span> <span class='ocrx_word' id='word_1_77' title='bbox 432 1588 515 1644; x_wconf 87' lang='lat' dir='ltr'>nobis</span> <span class='ocrx_word' id='word_1_78' title='bbox 529 1588 566 1644; x_wconf 90' lang='lat' dir='ltr'>ad</span> <span class='ocrx_word' id='word_1_79' title='bbox 579 1587 744 1644; x_wconf 89' lang='lat' dir='ltr'>Dominum</span> <span class='ocrx_word' id='word_1_80' title='bbox 758 1588 810 1663; x_wconf 88' lang='lat' dir='ltr'>qui</span> <span class='ocrx_word' id='word_1_81' title='bbox 823 1595 854 1645; x_wconf 90' lang='lat' dir='ltr'>te</span> <span class='ocrx_word' id='word_1_82' title='bbox 867 1588 963 1664; x_wconf 86' lang='lat' dir='ltr'>elegit.</span> 
     </span>
    </p>

    <p class='ocr_par' dir='ltr' id='par_1_11' title="bbox 189 1666 782 1745">
     <span class='ocr_line' id='line_1_16' title="bbox 189 1666 782 1745; baseline 0 -20"><span class='ocrx_word' id='word_1_83' title='bbox 189 1666 358 1725; x_wconf 76' lang='lat' dir='ltr'>Semtuduru</span> <span class='ocrx_word' id='word_1_84' title='bbox 379 1669 554 1725; x_wconf 77' lang='lat' dir='ltr'>Mottlueum</span> <span class='ocrx_word' id='word_1_85' title='bbox 572 1669 649 1741; x_wconf 73' lang='lat' dir='ltr'>(miso.</span> <span class='ocrx_word' id='word_1_86' title='bbox 666 1667 782 1745; x_wconf 80' lang='lat'>27-29).</span> 
     </span>
    </p>

    <p class='ocr_par' dir='ltr' id='par_1_12' title="bbox 137 1748 1330 1906">
     <span class='ocr_line' id='line_1_17' title="bbox 189 1748 1330 1826; baseline 0.002 -21"><span class='ocrx_word' id='word_1_87' title='bbox 189 1749 228 1805; x_wconf 90' lang='lat' dir='ltr'>In</span> <span class='ocrx_word' id='word_1_88' title='bbox 241 1748 294 1805; x_wconf 94' lang='lat' dir='ltr'>illo</span> <span class='ocrx_word' id='word_1_89' title='bbox 308 1755 447 1824; x_wconf 89' lang='lat' dir='ltr'>tempore,</span> <span class='ocrx_word' id='word_1_90' title='bbox 464 1749 553 1806; x_wconf 84' lang='lat' dir='ltr'>Dixit</span> <span class='ocrx_word' id='word_1_91' title='bbox 567 1749 670 1806; x_wconf 82' lang='lat' dir='ltr'>Simon</span> <span class='ocrx_word' id='word_1_92' title='bbox 684 1749 790 1806; x_wconf 78' lang='lat' dir='ltr'>Petrus</span> <span class='ocrx_word' id='word_1_93' title='bbox 809 1749 846 1806; x_wconf 88' lang='lat' dir='ltr'>ad</span> <span class='ocrx_word' id='word_1_94' title='bbox 860 1749 883 1806; x_wconf 89' lang='lat' dir='ltr'><strong>J</strong></span> <span class='ocrx_word' id='word_1_95' title='bbox 884 1769 974 1820; x_wconf 88' lang='lat' dir='ltr'>esum,</span> <span class='ocrx_word' id='word_1_96' title='bbox 990 1749 1065 1807; x_wconf 88' lang='lat' dir='ltr'>Ecce</span> <span class='ocrx_word' id='word_1_97' title='bbox 1085 1769 1139 1806; x_wconf 89' lang='lat' dir='ltr'>nos</span> <span class='ocrx_word' id='word_1_98' title='bbox 1157 1750 1330 1826; x_wconf 78' lang='lat' dir='ltr'>reliquimus</span> 
     </span>
     <span class='ocr_line' id='line_1_18' title="bbox 137 1830 761 1906; baseline 0.006 -23"><span class='ocrx_word' id='word_1_99' title='bbox 137 1849 218 1903; x_wconf 78' lang='lat' dir='ltr'>usque</span> <span class='ocrx_word' id='word_1_100' title='bbox 232 1831 274 1886; x_wconf 83' lang='lat' dir='ltr'>ad</span> <span class='ocrx_word' id='word_1_101' title='bbox 287 1837 318 1887; x_wconf 92' lang='lat' dir='ltr'>et</span> <span class='ocrx_word' id='word_1_102' title='bbox 330 1830 425 1886; x_wconf 86' lang='lat' dir='ltr'>vitam</span> <span class='ocrx_word' id='word_1_103' title='bbox 439 1837 579 1886; x_wconf 74' lang='lat' dir='ltr'>aeternam</span> <span class='ocrx_word' id='word_1_104' title='bbox 593 1831 761 1906; x_wconf 87' lang='lat' dir='ltr'>possidebit.</span> 
     </span>
    </p>

    <p class='ocr_par' dir='ltr' id='par_1_13' title="bbox 190 1909 292 1967">
     <span class='ocr_line' id='line_1_19' title="bbox 190 1909 292 1967; baseline 0 -1"><span class='ocrx_word' id='word_1_105' title='bbox 190 1909 292 1967; x_wconf 76' lang='lat' dir='ltr'>Credo,</span> 
     </span>
    </p>

    <p class='ocr_par' dir='ltr' id='par_1_14' title="bbox 191 1989 630 2064">
     <span class='ocr_line' id='line_1_20' title="bbox 191 1989 630 2064; baseline 0 -16"><span class='ocrx_word' id='word_1_106' title='bbox 191 1989 386 2064; x_wconf 68' lang='lat' dir='ltr'>Offirtorium.</span> <span class='ocrx_word' id='word_1_107' title='bbox 431 1990 509 2048; x_wconf 84' lang='lat' dir='ltr'>Mihi</span> <span class='ocrx_word' id='word_1_108' title='bbox 523 1997 630 2048; x_wconf 89' lang='lat' dir='ltr'>autem.</span> 
     </span>
    </p>

    <p class='ocr_par' dir='ltr' id='par_1_15' title="bbox 190 2071 313 2129">
     <span class='ocr_line' id='line_1_21' title="bbox 190 2071 313 2129; baseline -0.016 0"><span class='ocrx_word' id='word_1_109' title='bbox 190 2071 313 2129; x_wconf 80' lang='lat' dir='ltr'>Secreto.</span> 
     </span>
    </p>

    <p class='ocr_par' dir='ltr' id='par_1_16' title="bbox 135 2152 1333 2390">
     <span class='ocr_line' id='line_1_22' title="bbox 190 2152 1333 2228; baseline 0.001 -19"><span class='ocrx_word' id='word_1_110' title='bbox 190 2152 331 2228; x_wconf 85' lang='lat' dir='ltr'>Apostoli</span> <span class='ocrx_word' id='word_1_111' title='bbox 355 2153 401 2209; x_wconf 92' lang='lat' dir='ltr'>tui</span> <span class='ocrx_word' id='word_1_112' title='bbox 425 2152 513 2209; x_wconf 87' lang='lat' dir='ltr'>Pauli</span> <span class='ocrx_word' id='word_1_113' title='bbox 537 2153 680 2228; x_wconf 85' lang='lat' dir='ltr'>precibus,</span> <span class='ocrx_word' id='word_1_114' title='bbox 706 2172 882 2228; x_wconf 86' lang='lat' dir='ltr'>quaesumus,</span> <span class='ocrx_word' id='word_1_115' title='bbox 909 2152 1045 2222; x_wconf 84' lang='lat' dir='ltr'>Domine,</span> <span class='ocrx_word' id='word_1_116' title='bbox 1067 2152 1161 2228; x_wconf 88' lang='lat' dir='ltr'>plebis</span> <span class='ocrx_word' id='word_1_117' title='bbox 1181 2158 1240 2209; x_wconf 76' lang='lat' dir='ltr'>tuse</span> <span class='ocrx_word' id='word_1_118' title='bbox 1255 2153 1333 2210; x_wconf 84' lang='lat' dir='ltr'>dona</span> 
     </span>
     <span class='ocr_line' id='line_1_23' title="bbox 135 2233 1332 2310; baseline 0 -21"><span class='ocrx_word' id='word_1_119' title='bbox 135 2233 299 2290; x_wconf 82' lang='lat' dir='ltr'>sanctifica:</span> <span class='ocrx_word' id='word_1_120' title='bbox 320 2240 356 2289; x_wconf 93' lang='lat' dir='ltr'>ut</span> <span class='ocrx_word' id='word_1_121' title='bbox 370 2253 435 2309; x_wconf 75' lang='lat' dir='ltr'>quae</span> <span class='ocrx_word' id='word_1_122' title='bbox 450 2234 506 2290; x_wconf 91' lang='lat' dir='ltr'>tibi</span> <span class='ocrx_word' id='word_1_123' title='bbox 519 2239 572 2289; x_wconf 87' lang='lat' dir='ltr'>tuo</span> <span class='ocrx_word' id='word_1_124' title='bbox 585 2240 671 2308; x_wconf 85' lang='lat' dir='ltr'>grata</span> <span class='ocrx_word' id='word_1_125' title='bbox 684 2241 755 2290; x_wconf 88' lang='lat' dir='ltr'>sunt</span> <span class='ocrx_word' id='word_1_126' title='bbox 776 2234 923 2303; x_wconf 85' lang='lat' dir='ltr'>instituto,</span> <span class='ocrx_word' id='word_1_127' title='bbox 938 2233 1067 2308; x_wconf 86' lang='lat' dir='ltr'>gratiora</span> <span class='ocrx_word' id='word_1_128' title='bbox 1080 2234 1155 2291; x_wconf 90' lang='lat' dir='ltr'>fiant</span> <span class='ocrx_word' id='word_1_129' title='bbox 1168 2234 1332 2310; x_wconf 84' lang='lat' dir='ltr'>patrocinio</span> 
     </span>
     <span class='ocr_line' id='line_1_24' title="bbox 136 2313 619 2390; baseline 0.002 -20"><span class='ocrx_word' id='word_1_130' title='bbox 136 2313 332 2390; x_wconf 88' lang='lat' dir='ltr'>supplicantis.</span> <span class='ocrx_word' id='word_1_131' title='bbox 376 2314 434 2371; x_wconf 89' lang='lat' dir='ltr'>Per</span> <span class='ocrx_word' id='word_1_132' title='bbox 449 2315 619 2371; x_wconf 89' lang='lat' dir='ltr'>Dominum.</span> 
     </span>
    </p>

    <p class='ocr_par' dir='ltr' id='par_1_17' title="bbox 192 2394 400 2452">
     <span class='ocr_line' id='line_1_25' title="bbox 192 2394 400 2452; baseline 0.005 -2"><span class='ocrx_word' id='word_1_133' title='bbox 192 2394 264 2450; x_wconf 76' lang='lat' dir='ltr'>Alio</span> <span class='ocrx_word' id='word_1_134' title='bbox 278 2394 400 2452; x_wconf 76' lang='lat' dir='ltr'>Secreta.</span> 
     </span>
    </p>

    <p class='ocr_par' dir='ltr' id='par_1_18' title="bbox 136 2474 1333 2794">
     <span class='ocr_line' id='line_1_26' title="bbox 192 2474 1333 2551; baseline 0.001 -19"><span class='ocrx_word' id='word_1_135' title='bbox 192 2474 322 2551; x_wconf 88' lang='lat' dir='ltr'>Suscipe,</span> <span class='ocrx_word' id='word_1_136' title='bbox 345 2475 480 2548; x_wconf 86' lang='lat' dir='ltr'>Domine,</span> <span class='ocrx_word' id='word_1_137' title='bbox 505 2475 651 2551; x_wconf 88' lang='lat' dir='ltr'>propitius</span> <span class='ocrx_word' id='word_1_138' title='bbox 679 2476 843 2533; x_wconf 89' lang='lat' dir='ltr'>orationem</span> <span class='ocrx_word' id='word_1_139' title='bbox 870 2481 1010 2547; x_wconf 80' lang='lat' dir='ltr'>nostram,</span> <span class='ocrx_word' id='word_1_140' title='bbox 1040 2496 1106 2533; x_wconf 91' lang='lat' dir='ltr'>cum</span> <span class='ocrx_word' id='word_1_141' title='bbox 1134 2476 1333 2534; x_wconf 79' lang='lat' dir='ltr'>oblationibus</span> 
     </span>
     <span class='ocr_line' id='line_1_27' title="bbox 136 2555 1333 2633; baseline 0.003 -22"><span class='ocrx_word' id='word_1_142' title='bbox 136 2555 296 2613; x_wconf 87' lang='lat' dir='ltr'>hostiarum</span> <span class='ocrx_word' id='word_1_143' title='bbox 311 2557 543 2632; x_wconf 85' lang='lat' dir='ltr'>superimpositis</span> <span class='ocrx_word' id='word_1_144' title='bbox 557 2577 564 2627; x_wconf 91' lang='lat'>;</span> <span class='ocrx_word' id='word_1_145' title='bbox 593 2564 623 2614; x_wconf 90' lang='lat' dir='ltr'>et</span> <span class='ocrx_word' id='word_1_146' title='bbox 637 2558 775 2631; x_wconf 85' lang='lat' dir='ltr'>martyris</span> <span class='ocrx_word' id='word_1_147' title='bbox 789 2558 836 2613; x_wconf 89' lang='lat' dir='ltr'>tui</span> <span class='ocrx_word' id='word_1_148' title='bbox 850 2556 986 2632; x_wconf 84' lang='lat' dir='ltr'>Praejecti</span> <span class='ocrx_word' id='word_1_149' title='bbox 1001 2557 1213 2633; x_wconf 81' lang='lat' dir='ltr'>deprecatione,</span> <span class='ocrx_word' id='word_1_150' title='bbox 1228 2557 1333 2633; x_wconf 81' lang='lat' dir='ltr'>pietati</span> 
     </span>
     <span class='ocr_line' id='line_1_28' title="bbox 136 2637 1331 2714; baseline 0.001 -22"><span class='ocrx_word' id='word_1_151' title='bbox 136 2644 192 2693; x_wconf 84' lang='lat' dir='ltr'>tuae</span> <span class='ocrx_word' id='word_1_152' title='bbox 206 2637 312 2712; x_wconf 86' lang='lat' dir='ltr'>perfice</span> <span class='ocrx_word' id='word_1_153' title='bbox 326 2637 471 2713; x_wconf 86' lang='lat' dir='ltr'>benignus</span> <span class='ocrx_word' id='word_1_154' title='bbox 485 2644 626 2713; x_wconf 86' lang='lat' dir='ltr'>acceptas,</span> <span class='ocrx_word' id='word_1_155' title='bbox 643 2645 673 2694; x_wconf 92' lang='lat' dir='ltr'>et</span> <span class='ocrx_word' id='word_1_156' title='bbox 687 2637 769 2694; x_wconf 91' lang='lat' dir='ltr'>illam</span> <span class='ocrx_word' id='word_1_157' title='bbox 780 2657 845 2712; x_wconf 87' lang='lat' dir='ltr'>quae</span> <span class='ocrx_word' id='word_1_158' title='bbox 858 2637 892 2693; x_wconf 89' lang='lat' dir='ltr'>in</span> <span class='ocrx_word' id='word_1_159' title='bbox 907 2657 940 2694; x_wconf 91' lang='lat' dir='ltr'>eo</span> <span class='ocrx_word' id='word_1_160' title='bbox 954 2638 1089 2714; x_wconf 69' lang='lat' dir='ltr'>flagraoit</span> <span class='ocrx_word' id='word_1_161' title='bbox 1104 2637 1222 2694; x_wconf 89' lang='lat' dir='ltr'>dilectio</span> <span class='ocrx_word' id='word_1_162' title='bbox 1236 2639 1331 2708; x_wconf 82' lang='lat' dir='ltr'>fortis,</span> 
     </span>
     <span class='ocr_line' id='line_1_29' title="bbox 138 2717 831 2794; baseline 0.003 -21"><span class='ocrx_word' id='word_1_163' title='bbox 138 2718 166 2773; x_wconf 91' lang='lat' dir='ltr'>in</span> <span class='ocrx_word' id='word_1_164' title='bbox 178 2717 264 2774; x_wconf 86' lang='lat' dir='ltr'>nobis</span> <span class='ocrx_word' id='word_1_165' title='bbox 278 2719 377 2793; x_wconf 87' lang='lat' dir='ltr'>aspira</span> <span class='ocrx_word' id='word_1_166' title='bbox 390 2719 542 2794; x_wconf 84' lang='lat' dir='ltr'>benignus.</span> <span class='ocrx_word' id='word_1_167' title='bbox 587 2719 645 2775; x_wconf 91' lang='lat' dir='ltr'>Per</span> <span class='ocrx_word' id='word_1_168' title='bbox 659 2719 831 2775; x_wconf 87' lang='lat' dir='ltr'>Dominum.</span> 
     </span>
    </p>

    <p class='ocr_par' dir='ltr' id='par_1_19' title="bbox 195 2797 714 2871">
     <span class='ocr_line' id='line_1_30' title="bbox 195 2797 714 2871; baseline -0.002 -15"><span class='ocrx_word' id='word_1_169' title='bbox 195 2797 378 2856; x_wconf 69' lang='lat' dir='ltr'>Communia.</span> <span class='ocrx_word' id='word_1_170' title='bbox 421 2800 529 2871; x_wconf 86' lang='lat' dir='ltr'>Amen,</span> <span class='ocrx_word' id='word_1_171' title='bbox 546 2798 610 2856; x_wconf 86' lang='lat' dir='ltr'>dico</span> <span class='ocrx_word' id='word_1_172' title='bbox 624 2800 714 2855; x_wconf 83' lang='lat' dir='ltr'>vobis</span> 
     </span>
    </p>

    <p class='ocr_par' dir='ltr' id='par_1_20' title="bbox 196 2879 440 2937">
     <span class='ocr_line' id='line_1_31' title="bbox 196 2879 440 2937; baseline 0.008 -3"><span class='ocrx_word' id='word_1_173' title='bbox 196 2879 440 2937; x_wconf 77' lang='lat' dir='ltr'>Postcomocuuio</span> 
     </span>
    </p>

    <p class='ocr_par' dir='ltr' id='par_1_21' title="bbox 139 2958 1335 3117">
     <span class='ocr_line' id='line_1_32' title="bbox 195 2958 1335 3036; baseline 0 -20"><span class='ocrx_word' id='word_1_174' title='bbox 195 2959 304 3017; x_wconf 82' lang='lat' dir='ltr'>Satiati</span> <span class='ocrx_word' id='word_1_175' title='bbox 317 2960 440 3016; x_wconf 86' lang='lat' dir='ltr'>salutari</span> <span class='ocrx_word' id='word_1_176' title='bbox 452 2961 600 3036; x_wconf 65' lang='lat' dir='ltr'>mysteria</span> <span class='ocrx_word' id='word_1_177' title='bbox 616 2980 791 3036; x_wconf 87' lang='lat' dir='ltr'>quaesumus,</span> <span class='ocrx_word' id='word_1_178' title='bbox 814 2960 950 3029; x_wconf 81' lang='lat' dir='ltr'>Domine,</span> <span class='ocrx_word' id='word_1_179' title='bbox 965 2965 1000 3016; x_wconf 90' lang='lat' dir='ltr'>ut</span> <span class='ocrx_word' id='word_1_180' title='bbox 1014 2979 1067 3036; x_wconf 89' lang='lat' dir='ltr'>pro</span> <span class='ocrx_word' id='word_1_181' title='bbox 1087 2958 1171 3017; x_wconf 86' lang='lat' dir='ltr'>nobis</span> <span class='ocrx_word' id='word_1_182' title='bbox 1192 2961 1254 3034; x_wconf 72' lang='lat' dir='ltr'>ejus</span> <span class='ocrx_word' id='word_1_183' title='bbox 1275 2980 1335 3017; x_wconf 89' lang='lat' dir='ltr'>non</span> 
     </span>
     <span class='ocr_line' id='line_1_33' title="bbox 139 3039 1091 3117; baseline 0.001 -21"><span class='ocrx_word' id='word_1_184' title='bbox 139 3039 210 3096; x_wconf 85' lang='lat' dir='ltr'>desit</span> <span class='ocrx_word' id='word_1_185' title='bbox 224 3042 329 3112; x_wconf 86' lang='lat' dir='ltr'>oratic,</span> <span class='ocrx_word' id='word_1_186' title='bbox 344 3043 428 3116; x_wconf 88' lang='lat' dir='ltr'>cujus</span> <span class='ocrx_word' id='word_1_187' title='bbox 441 3061 494 3097; x_wconf 89' lang='lat' dir='ltr'>nos</span> <span class='ocrx_word' id='word_1_188' title='bbox 508 3042 626 3098; x_wconf 86' lang='lat' dir='ltr'>donasti</span> <span class='ocrx_word' id='word_1_189' title='bbox 639 3043 803 3117; x_wconf 87' lang='lat' dir='ltr'>patrocinio</span> <span class='ocrx_word' id='word_1_190' title='bbox 817 3041 982 3117; x_wconf 82' lang='lat' dir='ltr'>gubernari.</span> <span class='ocrx_word' id='word_1_191' title='bbox 1026 3040 1091 3097; x_wconf 87' lang='lat' dir='ltr'>Per.</span> 
     </span>
    </p>

    <p class='ocr_par' dir='ltr' id='par_1_22' title="bbox 197 3120 522 3179">
     <span class='ocr_line' id='line_1_34' title="bbox 197 3120 522 3179; baseline 0.006 -2"><span class='ocrx_word' id='word_1_192' title='bbox 197 3120 267 3178; x_wconf 77' lang='lat' dir='ltr'>Atia</span> <span class='ocrx_word' id='word_1_193' title='bbox 281 3122 522 3179; x_wconf 79' lang='lat' dir='ltr'>Postcommuuia</span> 
     </span>
    </p>

    <p class='ocr_par' dir='ltr' id='par_1_23' title="bbox 141 3201 1337 3422">
     <span class='ocr_line' id='line_1_35' title="bbox 196 3201 1337 3279; baseline -0.001 -21"><span class='ocrx_word' id='word_1_194' title='bbox 196 3201 318 3274; x_wconf 88' lang='lat' dir='ltr'>Votiva‚</span> <span class='ocrx_word' id='word_1_195' title='bbox 347 3202 485 3273; x_wconf 89' lang='lat' dir='ltr'>Domine,</span> <span class='ocrx_word' id='word_1_196' title='bbox 512 3223 565 3278; x_wconf 94' lang='lat' dir='ltr'>pro</span> <span class='ocrx_word' id='word_1_197' title='bbox 591 3203 671 3259; x_wconf 81' lang='lat' dir='ltr'>beati</span> <span class='ocrx_word' id='word_1_198' title='bbox 699 3203 836 3278; x_wconf 87' lang='lat' dir='ltr'>martyris</span> <span class='ocrx_word' id='word_1_199' title='bbox 860 3201 906 3258; x_wconf 88' lang='lat' dir='ltr'>tui</span> <span class='ocrx_word' id='word_1_200' title='bbox 934 3201 1070 3276; x_wconf 87' lang='lat' dir='ltr'>Praejecti</span> <span class='ocrx_word' id='word_1_201' title='bbox 1097 3202 1231 3279; x_wconf 84' lang='lat' dir='ltr'>passione</span> <span class='ocrx_word' id='word_1_202' title='bbox 1261 3202 1337 3258; x_wconf 87' lang='lat' dir='ltr'>dona</span> 
     </span>
     <span class='ocr_line' id='line_1_36' title="bbox 141 3281 1337 3360; baseline 0 -22"><span class='ocrx_word' id='word_1_203' title='bbox 141 3283 318 3358; x_wconf 88' lang='lat' dir='ltr'>percepimus</span> <span class='ocrx_word' id='word_1_204' title='bbox 332 3305 338 3340; x_wconf 91' lang='lat'>:</span> <span class='ocrx_word' id='word_1_205' title='bbox 359 3303 533 3358; x_wconf 80' lang='lat' dir='ltr'>quaesumus,</span> <span class='ocrx_word' id='word_1_206' title='bbox 554 3290 590 3340; x_wconf 91' lang='lat' dir='ltr'>ut</span> <span class='ocrx_word' id='word_1_207' title='bbox 610 3285 673 3359; x_wconf 83' lang='lat' dir='ltr'>ejus</span> <span class='ocrx_word' id='word_1_208' title='bbox 687 3284 821 3359; x_wconf 85' lang='lat' dir='ltr'>precibus</span> <span class='ocrx_word' id='word_1_209' title='bbox 835 3289 866 3340; x_wconf 92' lang='lat' dir='ltr'>et</span> <span class='ocrx_word' id='word_1_210' title='bbox 878 3283 1030 3359; x_wconf 80' lang='lat' dir='ltr'>praesentis</span> <span class='ocrx_word' id='word_1_211' title='bbox 1044 3282 1114 3339; x_wconf 81' lang='lat' dir='ltr'>vitae</span> <span class='ocrx_word' id='word_1_212' title='bbox 1130 3284 1212 3339; x_wconf 87' lang='lat' dir='ltr'>nobis</span> <span class='ocrx_word' id='word_1_213' title='bbox 1226 3281 1337 3360; x_wconf 84' lang='lat' dir='ltr'>pariter</span> 
     </span>
     <span class='ocr_line' id='line_1_37' title="bbox 142 3364 864 3422; baseline 0.001 -4"><span class='ocrx_word' id='word_1_214' title='bbox 142 3368 170 3418; x_wconf 87' lang='lat' dir='ltr'>et</span> <span class='ocrx_word' id='word_1_215' title='bbox 183 3370 297 3420; x_wconf 73' lang='lat' dir='ltr'>aeternae</span> <span class='ocrx_word' id='word_1_216' title='bbox 312 3364 425 3421; x_wconf 87' lang='lat' dir='ltr'>tribuas</span> <span class='ocrx_word' id='word_1_217' title='bbox 439 3365 569 3422; x_wconf 82' lang='lat' dir='ltr'>conferre</span> <span class='ocrx_word' id='word_1_218' title='bbox 583 3364 755 3421; x_wconf 86' lang='lat' dir='ltr'>subsidium.</span> <span class='ocrx_word' id='word_1_219' title='bbox 798 3364 864 3421; x_wconf 87' lang='lat' dir='ltr'>Per.</span> 
     </span>
    </p>
   </div>
   <div class='ocr_carea' id='block_1_3' title="bbox 339 3502 1135 3583">
    <p class='ocr_par' dir='ltr' id='par_1_24' title="bbox 339 3502 1135 3583">
     <span class='ocr_line' id='line_1_38' title="bbox 339 3502 1135 3583; baseline -0.003 -21"><span class='ocrx_word' id='word_1_220' title='bbox 339 3505 452 3564; x_wconf 78' lang='lat' dir='ltr'>Snuom</span> <span class='ocrx_word' id='word_1_221' title='bbox 473 3505 657 3577; x_wconf 71' lang='lat' dir='ltr'>Ponrclruu,</span> <span class='ocrx_word' id='word_1_222' title='bbox 681 3522 840 3562; x_wconf 75' lang='lat' dir='ltr'>urnrrrus.</span> <span class='ocrx_word' id='word_1_223' title='bbox 885 3502 945 3583; x_wconf 84' lang='lat' dir='ltr'>(vii.</span> <span class='ocrx_word' id='word_1_224' title='bbox 964 3504 1033 3562; x_wconf 90' lang='lat' dir='ltr'>Kal.</span> <span class='ocrx_word' id='word_1_225' title='bbox 1051 3504 1135 3581; x_wconf 86' lang='lat' dir='ltr'>Feb.)</span> 
     </span>
    </p>
   </div>
   <div class='ocr_carea' id='block_1_4' title="bbox 200 3601 894 4243">
    <p class='ocr_par' dir='ltr' id='par_1_25' title="bbox 201 3601 667 3677">
     <span class='ocr_line' id='line_1_39' title="bbox 201 3601 667 3677; baseline 0.002 -20"><span class='ocrx_word' id='word_1_226' title='bbox 201 3601 340 3675; x_wconf 80' lang='lat' dir='ltr'>Officium.</span> <span class='ocrx_word' id='word_1_227' title='bbox 385 3602 550 3659; x_wconf 86' lang='lat' dir='ltr'>Laetabitur</span> <span class='ocrx_word' id='word_1_228' title='bbox 559 3603 667 3677; x_wconf 89' lang='lat' dir='ltr'>justus.</span> 
     </span>
    </p>

    <p class='ocr_par' dir='ltr' id='par_1_26' title="bbox 200 3682 894 3838">
     <span class='ocr_line' id='line_1_40' title="bbox 201 3682 894 3759; baseline 0.001 -20"><span class='ocrx_word' id='word_1_229' title='bbox 201 3682 308 3740; x_wconf 81' lang='lat' dir='ltr'>Oratio.</span> <span class='ocrx_word' id='word_1_230' title='bbox 352 3682 473 3752; x_wconf 76' lang='lat' dir='ltr'>Praesta,</span> <span class='ocrx_word' id='word_1_231' title='bbox 491 3703 666 3759; x_wconf 87' lang='lat' dir='ltr'>quaesumus,</span> <span class='ocrx_word' id='word_1_232' title='bbox 681 3683 714 3740; x_wconf 79' lang='lat' dir='ltr'>iu</span> <span class='ocrx_word' id='word_1_233' title='bbox 730 3682 894 3741; x_wconf 77' lang='lat' dir='ltr'>Ocuruuuzi.</span> 
     </span>
     <span class='ocr_line' id='line_1_41' title="bbox 200 3762 541 3838; baseline 0.009 -20"><span class='ocrx_word' id='word_1_234' title='bbox 200 3762 341 3838; x_wconf 81' lang='lat' dir='ltr'>Epistol.</span> <span class='ocrx_word' id='word_1_235' title='bbox 384 3764 541 3822; x_wconf 81' lang='lat' dir='ltr'>Testificor.</span> 
     </span>
    </p>

    <p class='ocr_par' dir='ltr' id='par_1_27' title="bbox 200 3843 804 4000">
     <span class='ocr_line' id='line_1_42' title="bbox 202 3843 804 3902; baseline 0 -2"><span class='ocrx_word' id='word_1_236' title='bbox 202 3843 336 3901; x_wconf 74' lang='lat' dir='ltr'>Grudude.</span> <span class='ocrx_word' id='word_1_237' title='bbox 378 3845 400 3902; x_wconf 83' lang='lat' dir='ltr'>J</span> <span class='ocrx_word' id='word_1_238' title='bbox 403 3851 485 3901; x_wconf 84' lang='lat' dir='ltr'>ustus</span> <span class='ocrx_word' id='word_1_239' title='bbox 498 3864 556 3902; x_wconf 89' lang='lat' dir='ltr'>non</span> <span class='ocrx_word' id='word_1_240' title='bbox 573 3845 804 3901; x_wconf 88' lang='lat' dir='ltr'>conturbabitur.</span> 
     </span>
     <span class='ocr_line' id='line_1_43' title="bbox 200 3925 588 4000; baseline 0.003 -20"><span class='ocrx_word' id='word_1_241' title='bbox 200 3925 348 4000; x_wconf 81' lang='lat' dir='ltr'>Alleluya.</span> <span class='ocrx_word' id='word_1_242' title='bbox 399 3926 427 3984; x_wconf 77' lang='lat' dir='ltr'>V.</span> <span class='ocrx_word' id='word_1_243' title='bbox 451 3925 588 3983; x_wconf 86' lang='lat' dir='ltr'>Posuisti.</span> 
     </span>
    </p>

    <p class='ocr_par' dir='ltr' id='par_1_28' title="bbox 202 4005 720 4243">
     <span class='ocr_line' id='line_1_44' title="bbox 202 4005 709 4079; baseline 0.002 -18"><span class='ocrx_word' id='word_1_244' title='bbox 202 4005 402 4079; x_wconf 74' lang='lat' dir='ltr'>anoqebum.</span> <span class='ocrx_word' id='word_1_245' title='bbox 445 4005 476 4062; x_wconf 89' lang='lat' dir='ltr'>N</span> <span class='ocrx_word' id='word_1_246' title='bbox 479 4007 549 4062; x_wconf 88' lang='lat' dir='ltr'>olitc</span> <span class='ocrx_word' id='word_1_247' title='bbox 563 4007 709 4064; x_wconf 87' lang='lat' dir='ltr'>arbitrari.</span> 
     </span>
     <span class='ocr_line' id='line_1_45' title="bbox 205 4085 720 4159; baseline 0 -16"><span class='ocrx_word' id='word_1_248' title='bbox 205 4085 398 4159; x_wconf 80' lang='lat' dir='ltr'>Offertorium.</span> <span class='ocrx_word' id='word_1_249' title='bbox 441 4086 545 4144; x_wconf 82' lang='lat' dir='ltr'>Gloria</span> <span class='ocrx_word' id='word_1_250' title='bbox 558 4093 589 4143; x_wconf 91' lang='lat' dir='ltr'>et</span> <span class='ocrx_word' id='word_1_251' title='bbox 602 4086 720 4143; x_wconf 85' lang='lat' dir='ltr'>honore.</span> 
     </span>
     <span class='ocr_line' id='line_1_46' title="bbox 205 4166 604 4243; baseline 0.005 -19"><span class='ocrx_word' id='word_1_252' title='bbox 205 4166 384 4225; x_wconf 65' lang='lat' dir='ltr'>communio.</span> <span class='ocrx_word' id='word_1_253' title='bbox 428 4167 538 4243; x_wconf 85' lang='lat' dir='ltr'>Magna</span> <span class='ocrx_word' id='word_1_254' title='bbox 552 4175 604 4226; x_wconf 87' lang='lat' dir='ltr'>est.</span> 
     </span>
    </p>
   </div>
   <div class='ocr_carea' id='block_1_5' title="bbox 241 4308 1240 4390">
    <p class='ocr_par' dir='ltr' id='par_1_29' title="bbox 241 4308 1240 4390">
     <span class='ocr_line' id='line_1_47' title="bbox 241 4308 1240 4390; baseline -0.004 -16"><span class='ocrx_word' id='word_1_255' title='bbox 241 4317 514 4389; x_wconf 69' lang='lat' dir='ltr'>sirenarum,</span> <span class='ocrx_word' id='word_1_256' title='bbox 536 4333 671 4375; x_wconf 78' lang='lat' dir='ltr'>musoorr</span> <span class='ocrx_word' id='word_1_257' title='bbox 693 4332 730 4372; x_wconf 83' lang='lat' dir='ltr'>rr</span> <span class='ocrx_word' id='word_1_258' title='bbox 751 4328 955 4372; x_wconf 80' lang='lat' dir='ltr'>corrassoars.</span> <span class='ocrx_word' id='word_1_259' title='bbox 999 4308 1050 4388; x_wconf 85' lang='lat' dir='ltr'>(vi.</span> <span class='ocrx_word' id='word_1_260' title='bbox 1068 4309 1136 4368; x_wconf 91' lang='lat' dir='ltr'>Kal.</span> <span class='ocrx_word' id='word_1_261' title='bbox 1154 4311 1240 4390; x_wconf 79' lang='lat' dir='ltr'>Feb.)</span> 
     </span>
    </p>
   </div>
   <div class='ocr_carea' id='block_1_6' title="bbox 206 4411 605 4571">
    <p class='ocr_par' dir='ltr' id='par_1_30' title="bbox 206 4411 605 4571">
     <span class='ocr_line' id='line_1_48' title="bbox 206 4411 547 4486; baseline 0.003 -17"><span class='ocrx_word' id='word_1_262' title='bbox 206 4411 342 4486; x_wconf 83' lang='lat' dir='ltr'>Officium.</span> <span class='ocrx_word' id='word_1_263' title='bbox 386 4414 500 4471; x_wconf 83' lang='lat' dir='ltr'>Statuit</span> <span class='ocrx_word' id='word_1_264' title='bbox 513 4415 547 4471; x_wconf 87' lang='lat' dir='ltr'>ei.</span> 
     </span>
     <span class='ocr_line' id='line_1_49' title="bbox 207 4493 605 4571; baseline 0.005 -22"><span class='ocrx_word' id='word_1_265' title='bbox 207 4493 312 4552; x_wconf 81' lang='lat' dir='ltr'>Oratio.</span> <span class='ocrx_word' id='word_1_266' title='bbox 356 4494 413 4566; x_wconf 90' lang='lat' dir='ltr'>Da,</span> <span class='ocrx_word' id='word_1_267' title='bbox 432 4514 605 4571; x_wconf 85' lang='lat' dir='ltr'>quaesumus.</span> 
     </span>
    </p>
   </div>
   <div class='ocr_carea' id='block_1_7' title="bbox 0 0 1499 5002">
    <p class='ocr_par' dir='ltr' id='par_1_31' title="bbox 0 0 1499 5002">
     <span class='ocr_line' id='line_1_50' title="bbox 0 0 1499 5002; baseline 0 0"><span class='ocrx_word' id='word_1_268' title='bbox 0 0 1499 5002; x_wconf 95' lang='lat' dir='ltr'> </span> 
     </span>
    </p>
   </div>
  </div>
 </body>
</html>
