2946 5002
601 315 695 379 Festo
711 314 810 380 Maii.

468 480 495 538 0
509 500 599 557 quam
612 501 686 558 pure
699 501 819 558 precum
833 489 904 542 vota

468 561 573 619 Mente
585 562 692 619 libavit
705 563 813 621 devota

507 642 572 699 Deo
587 642 645 700 Dei
658 643 806 715 famulus,

467 722 548 779 Dum
564 722 600 780 de
614 724 683 781 caclo
698 725 752 781 lux
765 726 885 797 effulsit,

466 802 507 860 Et
520 811 654 862 orantem
668 806 863 863 circumfulsit

506 883 618 960 Fulgor
632 885 734 943 Sancti
748 887 884 963 Spiritus.

466 963 534 1022 Hoc
548 965 655 1022 Levita
668 968 779 1024 mirans
792 968 891 1026 lumen

465 1046 577 1104 Audax
591 1046 772 1124 introspexit
785 1069 896 1107 numen

505 1127 545 1183 In
558 1127 700 1185 columbae
715 1130 817 1205 specie.

465 1207 676 1266 Ooncrematur
688 1210 791 1268 vultus
804 1212 867 1284 rei,

464 1287 562 1346 Fulsit
574 1290 671 1347 virtus
684 1292 748 1348 vivi
761 1292 819 1350 Dei

504 1369 582 1427 Sana
595 1371 673 1428 facta
686 1371 768 1430 facie.

463 1450 630 1509 Exoremus
644 1459 744 1510 mente
757 1460 830 1527 tota,

464 1531 546 1589 Offcr
560 1532 679 1590 Christo
692 1554 814 1610 precum
827 1542 905 1609 vota,

503 1613 525 1671 J
526 1613 657 1671 ohannes
670 1616 860 1676 sanctissime.

463 1693 510 1752 Ut
523 1699 554 1751 te
568 1695 651 1765 duce,
666 1703 697 1754 te
711 1704 847 1772 patrono,

462 1775 657 1834 Perfruamur
671 1797 786 1835 summo
799 1780 886 1852 bono,

502 1856 645 1915 Pontifex
659 1859 799 1935 piissime.

156 1976 361 2052 Eocnqelium.
404 1976 505 2034 Homo
519 1976 639 2051 quidam
654 1996 780 2054 peregre.

159 2067 353 2143 Off'ertomum.
397 2069 526 2128 Veritas.

156 2166 306 2320 giilitpiiat
319 2243 476 2302 clementia
496 2250 558 2316 tua,
575 2245 665 2316 Deus,
682 2245 718 2302 de
738 2246 876 2303 manibus
896 2245 1006 2304 nostris
1026 2264 1136 2303 munus
1156 2228 1299 2317 oblatum,

89 2331 126 2384 et
138 2345 192 2400 per
205 2326 301 2382 sancti
314 2325 488 2383 confessoris
501 2325 548 2381 tui
562 2325 584 2382 J
585 2325 710 2382 ohannis
731 2328 859 2404 episcopi
880 2328 1028 2386 orationes
1045 2327 1084 2386 ab
1097 2326 1234 2386 omnibus
1247 2345 1302 2384 nos

91 2406 214 2463 absolve
227 2407 362 2482 peccatis.
406 2407 464 2463 Per
478 2406 650 2464 Dominum.

157 2497 340 2557 Communia
385 2499 496 2557 Beatus
510 2519 620 2558 servus.

154 2591 398 2650 Postcommuaio.

157 2672 349 2742 Sanctificati,
364 2673 502 2745 Domine,
522 2674 702 2732 salutaribus
722 2673 881 2750 mysteriis,
896 2694 1072 2751 quaesumus,
1088 2680 1124 2732 ut
1144 2694 1198 2752 pro
1217 2675 1303 2732 nobis
1372 2738 1375 2742 ⁴

93 2753 177 2810 beati
190 2752 212 2810 J
213 2753 339 2810 ohannis
353 2754 526 2812 confessoris
538 2755 586 2811 tui
600 2762 691 2831 atque
704 2755 853 2832 pontificis
866 2775 928 2813 non
941 2756 1018 2814 desit
1032 2755 1135 2829 oratio,
1147 2757 1232 2833 cujus
1248 2775 1303 2814 nos

90 2834 213 2914 donasti
226 2834 391 2911 patrocinio
404 2836 572 2910 gubernari
617 2836 675 2894 Per
689 2837 861 2894 Dominum.

160 3053 347 3113 Saucroauu
368 3071 543 3114 usnrracn
564 3056 721 3114 Gonnum
743 3074 781 3114 ar
802 3057 970 3117 Eumaeus
1014 3056 1064 3135 (vi
1081 3058 1127 3117 Id.
1144 3055 1232 3138 Mai)

155 3202 294 3278 Officium.
341 3203 443 3261 Sancti
455 3205 511 3275 tui,
526 3205 664 3264 Domine.

155 3283 264 3343 Oratio.
560 3350 563 3355 ,

152 3365 210 3436 Da,
239 3386 415 3441 quaesumus,
443 3368 630 3443 omnipotens
666 3368 755 3440 Deus,
787 3374 824 3423 ut
857 3368 910 3444 qui
943 3370 1098 3426 beatorum
1132 3374 1299 3444 martyrum

89 3453 213 3504 tuorum
236 3448 380 3507 Gordiani
401 3454 491 3524 atque
513 3448 669 3524 Epimachi
691 3448 845 3506 sollemnia
872 3449 1003 3522 colimus,
1033 3468 1134 3508 eorum
1162 3449 1241 3525 apud
1268 3456 1299 3508 te

88 3528 349 3588 intercessionibus
363 3528 547 3605 adjuvemur.
590 3529 650 3586 Per
663 3530 835 3587 Dominum.

150 3619 292 3695 Epicteti.
336 3621 453 3679 Reddet
466 3622 548 3679 Deus
562 3623 733 3681 mercedem.
831 3639 833 3643 ·

151 3700 300 3778 Alleluya.
349 3703 379 3763 V.
402 3702 607 3760 Exsultabunt
620 3706 723 3762 sancti.
821 3719 823 3724 ’

150 3780 298 3859 Alleluya.
348 3784 376 3843 V.
400 3784 537 3841 Surrexit
565 3784 713 3842 Dominus
739 3804 817 3856 vere,
840 3791 870 3841 et
894 3785 1033 3862 apparuit
1057 3784 1165 3842 Petro:
1192 3782 1237 3843 uel
1262 3785 1297 3843 de

88 3858 268 3923 decenam.

151 3956 351 4032 Eccapclium.
395 3959 583 4016 Descendens
597 3957 619 4015 J
620 3978 685 4016 esus
699 3960 735 4017 de
749 3967 856 4017 monte.

152 4037 345 4112 Offirtorium.
389 4039 547 4097 Mirabilis.
612 4037 614 4042 ’

150 4118 272 4177 Secreta.

149 4201 275 4258 Hostias
297 4200 362 4273 tibi,
383 4200 520 4270 Domine,
542 4201 696 4256 beatorum
719 4207 885 4276 martyrum
902 4206 1022 4256 tuorum
1042 4198 1188 4256 Gordiani
1207 4208 1298 4278 atquc

91 4279 244 4356 Epimachi
258 4281 370 4338 dicatas
391 4281 505 4338 meritis
519 4280 664 4354 benignus
678 4301 802 4353 assume,
818 4286 848 4336 et
861 4280 899 4336 ad
912 4285 1088 4354 perpetuum
1102 4280 1188 4339 nobis
1201 4283 1299 4341 tribue

89 4364 241 4438 pervenire
255 4361 429 4419 subsidium.
473 4361 539 4418 Per.
707 4358 710 4363 ’

86 4446 89 4455 “
150 4442 337 4504 Communia
380 4443 402 4501 J
404 4448 539 4499 ustorum
555 4441 668 4498 animae.
