2946 5002
312 339 360 403 In
373 339 466 405 Festo
483 339 725 424 plurimorum
745 340 930 426 Vtrpinum
944 343 1149 428 Martyrum.
1268 344 1330 415 157

198 505 440 564 Postcoovmunro.
490 496 493 501 ’

197 587 355 663 Adjuvent
372 607 435 659 nos,
451 606 628 663 quaesumus,
644 587 781 660 Domine,
795 588 857 645 haec
877 590 1019 664 mysteria
1041 597 1142 648 sancte
1155 611 1220 668 quae
1234 612 1329 669 sump-

136 667 238 805 serimus,
263 674 294 725 et
316 668 410 725 beetee
434 667 474 726 N.
499 667 624 745 virginis
650 669 847 745 martyrisque
874 676 934 727 tuce
960 671 1132 730 intercessio
1152 676 1326 732 venerenda.

164 768 204 806 er.

382 903 421 960 In
442 902 540 961 Fusco
560 919 654 961 uiuus
674 903 822 961 Vruerrrs
843 921 905 962 ron
926 905 1099 965 Mnerrms.

200 1033 340 1110 Officium.
385 1034 527 1092 Dilexisti
538 1033 697 1111 justitiam.

199 1115 310 1175 Oratio.

198 1197 395 1272 Omnipotens
422 1196 600 1273 sempiterne
627 1196 718 1266 Deus,
747 1195 785 1252 de.
804 1195 890 1252 nobis
917 1196 950 1253 in
976 1195 1140 1254 festivitate
1167 1198 1260 1255 beatae
1287 1199 1327 1257 N.

135 1277 263 1355 virginis
283 1281 344 1334 tuae
364 1297 493 1354 congrue
513 1276 668 1334 devotione
688 1277 831 1352 gaudere3
851 1283 886 1332 ut
900 1283 931 1334 et
943 1278 1109 1353 potentiam
1121 1284 1205 1336 tuem
1218 1279 1251 1335 in
1264 1281 1329 1356 ejus

135 1359 268 1416 transitu
281 1357 444 1429 laudemus,
459 1363 490 1415 et
502 1358 653 1435 provisum
667 1357 753 1414 nobis
766 1349 961 1433 percipiemus
975 1358 1128 1418 auxilium.
1172 1359 1238 1417 Per.

199 1438 342 1515 Epistola.
386 1439 446 1508 Qui
459 1439 611 1514 glorietur.

199 1519 341 1596 Epeion.
386 1519 538 1596 Sapientia
550 1519 645 1576 vincit
658 1517 812 1576 molitiem.

199 1599 336 1658 aradae
379 1601 547 1677 Adjuvabit
561 1619 633 1658 eom.

199 1681 352 1756 Alleluye.
401 1680 430 1739 V.
454 1681 555 1758 Specie
568 1687 629 1738 tue.

198 1760 364 1838 Soqoteotio.
407 1762 544 1837 Virginis
556 1761 739 1832 venerandae,
754 1769 788 1817 ot
801 1760 836 1818 io
850 1758 1017 1820 Communi.

197 1843 401 1918 Eoootqclium.
444 1843 546 1900 Simile
560 1847 605 1899 est
618 1860 743 1919 regnum
756 1841 894 1899 oaelorum
906 1842 1055 1900 thesauro.

202 1922 395 1998 offertorium.
436 1923 553 1981 Diffusa
566 1929 611 1980 est
623 1923 727 2000 gratia.

199 2004 323 2064 Secreto.

202 2085 361 2143 Offerimus
388 2085 454 2156 tibi,
483 2085 619 2154 Domine,
644 2103 743 2160 preces
770 2088 801 2141 et
827 2103 952 2141 munere
971 2083 1136 2142 inhonore
1159 2091 1267 2143 senctae
1287 2087 1327 2143 N.

144 2166 320 2244 gaudentes,
339 2175 457 2243 praeste,
472 2184 641 2242 quesumus,
656 2171 691 2221 ut
705 2165 915 2222 convenienter
933 2165 993 2222 h'aec
1012 2185 1106 2242 egere,
1122 2172 1152 2222 et
1165 2166 1328 2224 remedium

145 2247 355 2324 sempiternum
388 2247 539 2305 veleamus
567 2247 724 2323 acquirere.
784 2245 843 2303 Per
870 2245 1034 2303 Dominum
1060 2253 1196 2304 nostrum
1222 2247 1328 2306 Jesum

148 2328 302 2386 Christum.

204 2407 387 2467 Omnmenio.
430 2408 581 2466 Dilexisti

204 2487 386 2549 Oonnnum'o.
430 2490 533 2547 Simile
547 2495 592 2547 est
605 2509 730 2565 regnum
743 2489 888 2546 coelorum

202 2571 445 2629 Poetcommunio.

205 2651 335 2725 Satiosti,
364 2651 501 2723 Domine,
529 2651 672 2708 familiam
698 2657 783 2707 tuam
809 2649 981 2707 muneribus
1009 2650 1107 2721 sacris,
1132 2651 1195 2727 ejus
1217 2670 1331 2729 semper

154 2730 362 2791 interventione
374 2752 429 2790 nos
440 2732 539 2790 refove
550 2751 560 2804 ;
580 2732 663 2808 cujus
676 2731 829 2789 sollemnia
842 2731 1030 2790 celebremus.
1074 2731 1139 2789 Per.

507 2954 547 3012 Iu
567 2954 665 3012 Fnsro
686 2969 780 3012 umus
802 2951 973 3010 Mireonn.

209 3063 346 3139 Officium
390 3061 540 3119 Dilexisti.

209 3144 316 3203 Oratio.
361 3143 556 3218 Omnipotens
570 3140 746 3216 sempiterne
761 3139 852 3197 Deus.

162 3224 348 3364 ffitolo.
391 3223 550 3281 Mulierem
571 3222 687 3293 fortem,
713 3240 808 3294 qnaero
831 3220 865 3276 in
884 3219 970 3276 Festo
992 3227 1098 3276 eonotae
1121 3219 1229 3276 Μανία
1250 3219 1335 3294 Mep-

211 3351 342 3445 criue.
385 3383 554 3461 Adjuvasu
567 3402 638 3440 eam.

207 3467 353 3543 Allelnya.
403 3466 434 3525 V.
457 3465 559 3541 Specie
572 3470 656 3522 tues

209 3547 368 3624 Sequentia.
411 3546 521 3603 Mundi
534 3550 629 3602 aetote.

211 3628 408 3704 anorqelium.
452 3625 555 3685 Simile
565 3631 609 3683 est
622 3644 746 3701 regnum
760 3623 898 3681 coelorum
910 3622 1058 3680 thesauro.

212 3708 401 3785 Offcrtoriuoc.
444 3707 561 3764 Diffose
574 3712 620 3764 est
632 3706 736 3784 gretie.

211 3789 329 3850 Secreto.
372 3789 539 3847 Offerimus.

213 3869 393 3930 Ommnonio.
436 3869 585 3926 Dilexisti.

212 3951 449 4012 Postcommumo.
493 3948 624 4022 Setiusti,
639 3948 774 4007 Domine.

352 4174 391 4231 In
411 4172 511 4230 Fnsro
532 4187 737 4230 rnunrnenun
758 4169 925 4226 Vreonrun
946 4165 1133 4223 Muerreuu

215 4303 352 4398 officinam.
395 4303 526 4360 Vultum
538 4307 632 4359 tuum.

214 4384 331 4525 {widi
348 4484 411 4540 nos,
426 4464 508 4523 Deus
522 4462 659 4522 solutoris
682 4469 791 4536 noster,
806 4467 842 4520 ut
863 4460 939 4520 sicut
966 4462 1002 4522 de
1023 4463 1177 4520 beaterum
1188 4420 1338 4538 virginum
